%YAML 1.1
%TAG !u! tag:unity3d.com,2011:
--- !u!1 &345993594731609502
GameObject:
  m_ObjectHideFlags: 0
  m_CorrespondingSourceObject: {fileID: 0}
  m_PrefabInstance: {fileID: 0}
  m_PrefabAsset: {fileID: 0}
  serializedVersion: 6
  m_Component:
  - component: {fileID: 818095494089359595}
  - component: {fileID: 1770396798161362243}
  - component: {fileID: 5893874558169559396}
  - component: {fileID: 7771011241965955632}
  - component: {fileID: 5065663440942837811}
  - component: {fileID: 6271911575434747298}
  m_Layer: 15
  m_Name: RadarPointBody
  m_TagString: Untagged
  m_Icon: {fileID: 0}
  m_NavMeshLayer: 0
  m_StaticEditorFlags: 0
  m_IsActive: 1
--- !u!4 &818095494089359595
Transform:
  m_ObjectHideFlags: 0
  m_CorrespondingSourceObject: {fileID: 0}
  m_PrefabInstance: {fileID: 0}
  m_PrefabAsset: {fileID: 0}
  m_GameObject: {fileID: 345993594731609502}
  m_LocalRotation: {x: 0, y: 0, z: 0, w: 1}
  m_LocalPosition: {x: 0, y: -0.12, z: -1.77}
  m_LocalScale: {x: 1, y: 1, z: 1}
  m_ConstrainProportionsScale: 0
  m_Children: []
  m_Father: {fileID: 4913139824396158411}
  m_RootOrder: 0
  m_LocalEulerAnglesHint: {x: 0, y: 0, z: 0}
--- !u!23 &1770396798161362243
MeshRenderer:
  m_ObjectHideFlags: 0
  m_CorrespondingSourceObject: {fileID: 0}
  m_PrefabInstance: {fileID: 0}
  m_PrefabAsset: {fileID: 0}
  m_GameObject: {fileID: 345993594731609502}
  m_Enabled: 1
  m_CastShadows: 1
  m_ReceiveShadows: 1
  m_DynamicOccludee: 1
  m_StaticShadowCaster: 0
  m_MotionVectors: 1
  m_LightProbeUsage: 1
  m_ReflectionProbeUsage: 1
  m_RayTracingMode: 2
  m_RayTraceProcedural: 0
  m_RenderingLayerMask: 1
  m_RendererPriority: 0
  m_Materials:
  - {fileID: 2100000, guid: 5ac8c27972d55e34aab4c3b1dca8c9b4, type: 2}
  m_StaticBatchInfo:
    firstSubMesh: 0
    subMeshCount: 0
  m_StaticBatchRoot: {fileID: 0}
  m_ProbeAnchor: {fileID: 0}
  m_LightProbeVolumeOverride: {fileID: 0}
  m_ScaleInLightmap: 1
  m_ReceiveGI: 1
  m_PreserveUVs: 0
  m_IgnoreNormalsForChartDetection: 0
  m_ImportantGI: 0
  m_StitchLightmapSeams: 1
  m_SelectedEditorRenderState: 3
  m_MinimumChartSize: 4
  m_AutoUVMaxDistance: 0.5
  m_AutoUVMaxAngle: 89
  m_LightmapParameters: {fileID: 0}
  m_SortingLayerID: 0
  m_SortingLayer: 0
  m_SortingOrder: 0
  m_AdditionalVertexStreams: {fileID: 0}
--- !u!33 &5893874558169559396
MeshFilter:
  m_ObjectHideFlags: 0
  m_CorrespondingSourceObject: {fileID: 0}
  m_PrefabInstance: {fileID: 0}
  m_PrefabAsset: {fileID: 0}
  m_GameObject: {fileID: 345993594731609502}
  m_Mesh: {fileID: -1373013873980836899, guid: 79d4d4e039740a644a38683fd8f8b1bc, type: 3}
--- !u!136 &7771011241965955632
CapsuleCollider:
  m_ObjectHideFlags: 0
  m_CorrespondingSourceObject: {fileID: 0}
  m_PrefabInstance: {fileID: 0}
  m_PrefabAsset: {fileID: 0}
  m_GameObject: {fileID: 345993594731609502}
  m_Material: {fileID: 0}
  m_IsTrigger: 1
  m_Enabled: 1
  m_Radius: 1.09
  m_Height: 4.44
  m_Direction: 2
  m_Center: {x: 0, y: 0, z: -0.24}
--- !u!54 &5065663440942837811
Rigidbody:
  m_ObjectHideFlags: 0
  m_CorrespondingSourceObject: {fileID: 0}
  m_PrefabInstance: {fileID: 0}
  m_PrefabAsset: {fileID: 0}
  m_GameObject: {fileID: 345993594731609502}
  serializedVersion: 2
  m_Mass: 1
  m_Drag: 0
  m_AngularDrag: 0.05
  m_UseGravity: 0
  m_IsKinematic: 1
  m_Interpolate: 0
  m_Constraints: 0
  m_CollisionDetection: 0
--- !u!114 &6271911575434747298
MonoBehaviour:
  m_ObjectHideFlags: 0
  m_CorrespondingSourceObject: {fileID: 0}
  m_PrefabInstance: {fileID: 0}
  m_PrefabAsset: {fileID: 0}
  m_GameObject: {fileID: 345993594731609502}
  m_Enabled: 1
  m_EditorHideFlags: 0
  m_Script: {fileID: 11500000, guid: 7620537a86d435c4294a4a0a2e486892, type: 3}
  m_Name: 
  m_EditorClassIdentifier: 
  useMarkUI: 0
  markUIprefab: {fileID: 0}
  offset: {x: 0, y: 0, z: 0}
--- !u!1 &2956300489241163768
GameObject:
  m_ObjectHideFlags: 0
  m_CorrespondingSourceObject: {fileID: 0}
  m_PrefabInstance: {fileID: 0}
  m_PrefabAsset: {fileID: 0}
  serializedVersion: 6
  m_Component:
  - component: {fileID: 2574835058365612017}
  m_Layer: 0
  m_Name: TempRootJoint
  m_TagString: Untagged
  m_Icon: {fileID: 0}
  m_NavMeshLayer: 0
  m_StaticEditorFlags: 0
  m_IsActive: 1
--- !u!4 &2574835058365612017
Transform:
  m_ObjectHideFlags: 0
  m_CorrespondingSourceObject: {fileID: 0}
  m_PrefabInstance: {fileID: 0}
  m_PrefabAsset: {fileID: 0}
  m_GameObject: {fileID: 2956300489241163768}
  m_LocalRotation: {x: 0, y: 0, z: 0, w: 1}
  m_LocalPosition: {x: 0.048302807, y: 0.16523579, z: 0.0149218235}
  m_LocalScale: {x: 1, y: 1, z: 1}
  m_ConstrainProportionsScale: 0
  m_Children:
  - {fileID: 8568152573228690832}
  - {fileID: 4069689527885120369}
  m_Father: {fileID: 8051993388348715976}
  m_RootOrder: 0
  m_LocalEulerAnglesHint: {x: 0, y: 0, z: 0}
--- !u!1 &4440990500663169132
GameObject:
  m_ObjectHideFlags: 0
  m_CorrespondingSourceObject: {fileID: 0}
  m_PrefabInstance: {fileID: 0}
  m_PrefabAsset: {fileID: 0}
  serializedVersion: 6
  m_Component:
  - component: {fileID: 4069689527885120369}
  - component: {fileID: 8139410677099362800}
  - component: {fileID: 2666128693833910639}
  m_Layer: 0
  m_Name: Cuerpo_LOD00
  m_TagString: Untagged
  m_Icon: {fileID: 0}
  m_NavMeshLayer: 0
  m_StaticEditorFlags: 0
  m_IsActive: 1
--- !u!4 &4069689527885120369
Transform:
  m_ObjectHideFlags: 0
  m_CorrespondingSourceObject: {fileID: 0}
  m_PrefabInstance: {fileID: 0}
  m_PrefabAsset: {fileID: 0}
  m_GameObject: {fileID: 4440990500663169132}
  m_LocalRotation: {x: -0, y: -0, z: -0, w: 1}
  m_LocalPosition: {x: -0.048302807, y: -0.16523579, z: -1.8290837}
  m_LocalScale: {x: 1, y: 1, z: 1}
  m_ConstrainProportionsScale: 0
  m_Children: []
  m_Father: {fileID: 2574835058365612017}
  m_RootOrder: 1
  m_LocalEulerAnglesHint: {x: 0, y: 0, z: 0}
--- !u!33 &8139410677099362800
MeshFilter:
  m_ObjectHideFlags: 0
  m_CorrespondingSourceObject: {fileID: 0}
  m_PrefabInstance: {fileID: 0}
  m_PrefabAsset: {fileID: 0}
  m_GameObject: {fileID: 4440990500663169132}
  m_Mesh: {fileID: 4935487618398861227, guid: 79d4d4e039740a644a38683fd8f8b1bc, type: 3}
--- !u!23 &2666128693833910639
MeshRenderer:
  m_ObjectHideFlags: 0
  m_CorrespondingSourceObject: {fileID: 0}
  m_PrefabInstance: {fileID: 0}
  m_PrefabAsset: {fileID: 0}
  m_GameObject: {fileID: 4440990500663169132}
  m_Enabled: 1
  m_CastShadows: 1
  m_ReceiveShadows: 1
  m_DynamicOccludee: 1
  m_StaticShadowCaster: 0
  m_MotionVectors: 1
  m_LightProbeUsage: 1
  m_ReflectionProbeUsage: 1
  m_RayTracingMode: 2
  m_RayTraceProcedural: 0
  m_RenderingLayerMask: 1
  m_RendererPriority: 0
  m_Materials:
  - {fileID: 2100000, guid: 0217ac03a7f1e9940bc51e2fcbdf2cad, type: 2}
  m_StaticBatchInfo:
    firstSubMesh: 0
    subMeshCount: 0
  m_StaticBatchRoot: {fileID: 0}
  m_ProbeAnchor: {fileID: 0}
  m_LightProbeVolumeOverride: {fileID: 0}
  m_ScaleInLightmap: 1
  m_ReceiveGI: 1
  m_PreserveUVs: 0
  m_IgnoreNormalsForChartDetection: 0
  m_ImportantGI: 0
  m_StitchLightmapSeams: 1
  m_SelectedEditorRenderState: 3
  m_MinimumChartSize: 4
  m_AutoUVMaxDistance: 0.5
  m_AutoUVMaxAngle: 89
  m_LightmapParameters: {fileID: 0}
  m_SortingLayerID: 0
  m_SortingLayer: 0
  m_SortingOrder: 0
  m_AdditionalVertexStreams: {fileID: 0}
--- !u!1 &7076508135928853560
GameObject:
  m_ObjectHideFlags: 0
  m_CorrespondingSourceObject: {fileID: 0}
  m_PrefabInstance: {fileID: 0}
  m_PrefabAsset: {fileID: 0}
  serializedVersion: 6
  m_Component:
  - component: {fileID: 3249544387886240377}
  m_Layer: 9
  m_Name: VFX
  m_TagString: Untagged
  m_Icon: {fileID: 0}
  m_NavMeshLayer: 0
  m_StaticEditorFlags: 0
  m_IsActive: 1
--- !u!4 &3249544387886240377
Transform:
  m_ObjectHideFlags: 0
  m_CorrespondingSourceObject: {fileID: 0}
  m_PrefabInstance: {fileID: 0}
  m_PrefabAsset: {fileID: 0}
  m_GameObject: {fileID: 7076508135928853560}
  m_LocalRotation: {x: -0, y: -0, z: -0, w: 1}
  m_LocalPosition: {x: 0, y: 0, z: 0}
  m_LocalScale: {x: 3.181818, y: 3.181818, z: 3.181818}
  m_ConstrainProportionsScale: 0
  m_Children:
  - {fileID: 1394819256859128653}
  m_Father: {fileID: 8051993388348715976}
  m_RootOrder: 2
  m_LocalEulerAnglesHint: {x: 0, y: 0, z: 0}
--- !u!1 &7186835390007662983
GameObject:
  m_ObjectHideFlags: 0
  m_CorrespondingSourceObject: {fileID: 0}
  m_PrefabInstance: {fileID: 0}
  m_PrefabAsset: {fileID: 0}
  serializedVersion: 6
  m_Component:
  - component: {fileID: 6091033777017870456}
  - component: {fileID: 6274279403599170660}
  - component: {fileID: 7524739369727452795}
  - component: {fileID: 751930905328172841}
  - component: {fileID: 3035774996323083719}
  - component: {fileID: 1220170751538945942}
  m_Layer: 15
  m_Name: RadarPointHead
  m_TagString: Untagged
  m_Icon: {fileID: 0}
  m_NavMeshLayer: 0
  m_StaticEditorFlags: 0
  m_IsActive: 1
--- !u!4 &6091033777017870456
Transform:
  m_ObjectHideFlags: 0
  m_CorrespondingSourceObject: {fileID: 0}
  m_PrefabInstance: {fileID: 0}
  m_PrefabAsset: {fileID: 0}
  m_GameObject: {fileID: 7186835390007662983}
  m_LocalRotation: {x: 0, y: 0, z: 0, w: 1}
  m_LocalPosition: {x: 0, y: -0.02, z: -0.08}
  m_LocalScale: {x: 1, y: 1, z: 1}
  m_ConstrainProportionsScale: 0
  m_Children: []
  m_Father: {fileID: 4913139824396158411}
  m_RootOrder: 1
  m_LocalEulerAnglesHint: {x: 0, y: 0, z: 0}
--- !u!23 &6274279403599170660
MeshRenderer:
  m_ObjectHideFlags: 0
  m_CorrespondingSourceObject: {fileID: 0}
  m_PrefabInstance: {fileID: 0}
  m_PrefabAsset: {fileID: 0}
  m_GameObject: {fileID: 7186835390007662983}
  m_Enabled: 1
  m_CastShadows: 1
  m_ReceiveShadows: 1
  m_DynamicOccludee: 1
  m_StaticShadowCaster: 0
  m_MotionVectors: 1
  m_LightProbeUsage: 1
  m_ReflectionProbeUsage: 1
  m_RayTracingMode: 2
  m_RayTraceProcedural: 0
  m_RenderingLayerMask: 1
  m_RendererPriority: 0
  m_Materials:
  - {fileID: 2100000, guid: 5ac8c27972d55e34aab4c3b1dca8c9b4, type: 2}
  m_StaticBatchInfo:
    firstSubMesh: 0
    subMeshCount: 0
  m_StaticBatchRoot: {fileID: 0}
  m_ProbeAnchor: {fileID: 0}
  m_LightProbeVolumeOverride: {fileID: 0}
  m_ScaleInLightmap: 1
  m_ReceiveGI: 1
  m_PreserveUVs: 0
  m_IgnoreNormalsForChartDetection: 0
  m_ImportantGI: 0
  m_StitchLightmapSeams: 1
  m_SelectedEditorRenderState: 3
  m_MinimumChartSize: 4
  m_AutoUVMaxDistance: 0.5
  m_AutoUVMaxAngle: 89
  m_LightmapParameters: {fileID: 0}
  m_SortingLayerID: 0
  m_SortingLayer: 0
  m_SortingOrder: 0
  m_AdditionalVertexStreams: {fileID: 0}
--- !u!33 &7524739369727452795
MeshFilter:
  m_ObjectHideFlags: 0
  m_CorrespondingSourceObject: {fileID: 0}
  m_PrefabInstance: {fileID: 0}
  m_PrefabAsset: {fileID: 0}
  m_GameObject: {fileID: 7186835390007662983}
  m_Mesh: {fileID: -2066793958303158846, guid: 79d4d4e039740a644a38683fd8f8b1bc, type: 3}
--- !u!136 &751930905328172841
CapsuleCollider:
  m_ObjectHideFlags: 0
  m_CorrespondingSourceObject: {fileID: 0}
  m_PrefabInstance: {fileID: 0}
  m_PrefabAsset: {fileID: 0}
  m_GameObject: {fileID: 7186835390007662983}
  m_Material: {fileID: 0}
  m_IsTrigger: 1
  m_Enabled: 1
  m_Radius: 0.68
  m_Height: 1.27
  m_Direction: 2
  m_Center: {x: 0, y: 0, z: 0.09}
--- !u!54 &3035774996323083719
Rigidbody:
  m_ObjectHideFlags: 0
  m_CorrespondingSourceObject: {fileID: 0}
  m_PrefabInstance: {fileID: 0}
  m_PrefabAsset: {fileID: 0}
  m_GameObject: {fileID: 7186835390007662983}
  serializedVersion: 2
  m_Mass: 1
  m_Drag: 0
  m_AngularDrag: 0.05
  m_UseGravity: 0
  m_IsKinematic: 1
  m_Interpolate: 0
  m_Constraints: 0
  m_CollisionDetection: 0
--- !u!114 &1220170751538945942
MonoBehaviour:
  m_ObjectHideFlags: 0
  m_CorrespondingSourceObject: {fileID: 0}
  m_PrefabInstance: {fileID: 0}
  m_PrefabAsset: {fileID: 0}
  m_GameObject: {fileID: 7186835390007662983}
  m_Enabled: 1
  m_EditorHideFlags: 0
  m_Script: {fileID: 11500000, guid: 7620537a86d435c4294a4a0a2e486892, type: 3}
  m_Name: 
  m_EditorClassIdentifier: 
  useMarkUI: 1
  markUIprefab: {fileID: 6484127010158041409, guid: 4a2389eca0a765e4992e0ed42dd2457f,
    type: 3}
  offset: {x: 0, y: 4.2, z: 0}
--- !u!1 &7274929679572789618
GameObject:
  m_ObjectHideFlags: 0
  m_CorrespondingSourceObject: {fileID: 0}
  m_PrefabInstance: {fileID: 0}
  m_PrefabAsset: {fileID: 0}
  serializedVersion: 6
  m_Component:
  - component: {fileID: 8051993388348715976}
  - component: {fileID: 4375661724476553702}
  - component: {fileID: 8418165777882720673}
  - component: {fileID: 71543315352704971}
  m_Layer: 9
  m_Name: MiddleJellyFishModel
  m_TagString: Untagged
  m_Icon: {fileID: 0}
  m_NavMeshLayer: 0
  m_StaticEditorFlags: 0
  m_IsActive: 1
--- !u!4 &8051993388348715976
Transform:
  m_ObjectHideFlags: 0
  m_CorrespondingSourceObject: {fileID: 0}
  m_PrefabInstance: {fileID: 0}
  m_PrefabAsset: {fileID: 0}
  m_GameObject: {fileID: 7274929679572789618}
  m_LocalRotation: {x: 0, y: 0, z: 0, w: 1}
  m_LocalPosition: {x: 0, y: 0, z: 0}
  m_LocalScale: {x: 1.25, y: 1.25, z: 1.25}
  m_ConstrainProportionsScale: 0
  m_Children:
  - {fileID: 2574835058365612017}
  - {fileID: 4913139824396158411}
  - {fileID: 3249544387886240377}
  m_Father: {fileID: 0}
  m_RootOrder: 0
  m_LocalEulerAnglesHint: {x: 0, y: 0, z: 0}
--- !u!136 &4375661724476553702
CapsuleCollider:
  m_ObjectHideFlags: 0
  m_CorrespondingSourceObject: {fileID: 0}
  m_PrefabInstance: {fileID: 0}
  m_PrefabAsset: {fileID: 0}
  m_GameObject: {fileID: 7274929679572789618}
  m_Material: {fileID: 0}
  m_IsTrigger: 0
  m_Enabled: 1
  m_Radius: 0.99
  m_Height: 5.2
  m_Direction: 2
  m_Center: {x: 0, y: 0, z: -1.83}
--- !u!95 &8418165777882720673
Animator:
  serializedVersion: 4
  m_ObjectHideFlags: 0
  m_CorrespondingSourceObject: {fileID: 0}
  m_PrefabInstance: {fileID: 0}
  m_PrefabAsset: {fileID: 0}
  m_GameObject: {fileID: 7274929679572789618}
  m_Enabled: 1
  m_Avatar: {fileID: 0}
  m_Controller: {fileID: 0}
  m_CullingMode: 0
  m_UpdateMode: 0
  m_ApplyRootMotion: 0
  m_LinearVelocityBlending: 0
  m_StabilizeFeet: 0
  m_WarningMessage: 
  m_HasTransformHierarchy: 1
  m_AllowConstantClipSamplingOptimization: 1
  m_KeepAnimatorControllerStateOnDisable: 0
--- !u!114 &71543315352704971
MonoBehaviour:
  m_ObjectHideFlags: 0
  m_CorrespondingSourceObject: {fileID: 0}
  m_PrefabInstance: {fileID: 0}
  m_PrefabAsset: {fileID: 0}
  m_GameObject: {fileID: 7274929679572789618}
  m_Enabled: 1
  m_EditorHideFlags: 0
  m_Script: {fileID: 11500000, guid: 5448421914e54f444929e6686f627457, type: 3}
  m_Name: 
  m_EditorClassIdentifier: 
  elementType: 2
  hasDuration: 0
  effectDuration: 0
  affectByExternal: 1
  effect: {fileID: 1977413576126542248}
  elementSound: {fileID: 0}
--- !u!1 &8912316299425752534
GameObject:
  m_ObjectHideFlags: 0
  m_CorrespondingSourceObject: {fileID: 0}
  m_PrefabInstance: {fileID: 0}
  m_PrefabAsset: {fileID: 0}
  serializedVersion: 6
  m_Component:
  - component: {fileID: 8568152573228690832}
  - component: {fileID: 5066509426291607729}
  - component: {fileID: 2020664093521014314}
  m_Layer: 0
  m_Name: Cabeza_LOD00
  m_TagString: Untagged
  m_Icon: {fileID: 0}
  m_NavMeshLayer: 0
  m_StaticEditorFlags: 0
  m_IsActive: 1
--- !u!4 &8568152573228690832
Transform:
  m_ObjectHideFlags: 0
  m_CorrespondingSourceObject: {fileID: 0}
  m_PrefabInstance: {fileID: 0}
  m_PrefabAsset: {fileID: 0}
  m_GameObject: {fileID: 8912316299425752534}
  m_LocalRotation: {x: -0, y: -0, z: -0, w: 1}
  m_LocalPosition: {x: -0.048302807, y: -0.16523579, z: -0.09031931}
  m_LocalScale: {x: 1, y: 1, z: 1}
  m_ConstrainProportionsScale: 0
  m_Children: []
  m_Father: {fileID: 2574835058365612017}
  m_RootOrder: 0
  m_LocalEulerAnglesHint: {x: 0, y: 0, z: 0}
--- !u!33 &5066509426291607729
MeshFilter:
  m_ObjectHideFlags: 0
  m_CorrespondingSourceObject: {fileID: 0}
  m_PrefabInstance: {fileID: 0}
  m_PrefabAsset: {fileID: 0}
  m_GameObject: {fileID: 8912316299425752534}
  m_Mesh: {fileID: 8065314800803430859, guid: 79d4d4e039740a644a38683fd8f8b1bc, type: 3}
--- !u!23 &2020664093521014314
MeshRenderer:
  m_ObjectHideFlags: 0
  m_CorrespondingSourceObject: {fileID: 0}
  m_PrefabInstance: {fileID: 0}
  m_PrefabAsset: {fileID: 0}
  m_GameObject: {fileID: 8912316299425752534}
  m_Enabled: 1
  m_CastShadows: 1
  m_ReceiveShadows: 1
  m_DynamicOccludee: 1
  m_StaticShadowCaster: 0
  m_MotionVectors: 1
  m_LightProbeUsage: 1
  m_ReflectionProbeUsage: 1
  m_RayTracingMode: 2
  m_RayTraceProcedural: 0
  m_RenderingLayerMask: 1
  m_RendererPriority: 0
  m_Materials:
  - {fileID: 2100000, guid: 85967f9d61d347b42ba4270ee13d90b8, type: 2}
  m_StaticBatchInfo:
    firstSubMesh: 0
    subMeshCount: 0
  m_StaticBatchRoot: {fileID: 0}
  m_ProbeAnchor: {fileID: 0}
  m_LightProbeVolumeOverride: {fileID: 0}
  m_ScaleInLightmap: 1
  m_ReceiveGI: 1
  m_PreserveUVs: 0
  m_IgnoreNormalsForChartDetection: 0
  m_ImportantGI: 0
  m_StitchLightmapSeams: 1
  m_SelectedEditorRenderState: 3
  m_MinimumChartSize: 4
  m_AutoUVMaxDistance: 0.5
  m_AutoUVMaxAngle: 89
  m_LightmapParameters: {fileID: 0}
  m_SortingLayerID: 0
  m_SortingLayer: 0
  m_SortingOrder: 0
  m_AdditionalVertexStreams: {fileID: 0}
--- !u!1 &9003961933074881626
GameObject:
  m_ObjectHideFlags: 0
  m_CorrespondingSourceObject: {fileID: 0}
  m_PrefabInstance: {fileID: 0}
  m_PrefabAsset: {fileID: 0}
  serializedVersion: 6
  m_Component:
  - component: {fileID: 4913139824396158411}
  - component: {fileID: 8296552895039027028}
  m_Layer: 9
  m_Name: RadarPoint
  m_TagString: Root
  m_Icon: {fileID: 0}
  m_NavMeshLayer: 0
  m_StaticEditorFlags: 0
  m_IsActive: 1
--- !u!4 &4913139824396158411
Transform:
  m_ObjectHideFlags: 0
  m_CorrespondingSourceObject: {fileID: 0}
  m_PrefabInstance: {fileID: 0}
  m_PrefabAsset: {fileID: 0}
  m_GameObject: {fileID: 9003961933074881626}
  m_LocalRotation: {x: 0, y: 0, z: 0, w: 1}
  m_LocalPosition: {x: 0, y: 0, z: 0}
  m_LocalScale: {x: 1, y: 1, z: 1}
  m_ConstrainProportionsScale: 0
  m_Children:
  - {fileID: 818095494089359595}
  - {fileID: 6091033777017870456}
  m_Father: {fileID: 8051993388348715976}
  m_RootOrder: 1
  m_LocalEulerAnglesHint: {x: 0, y: 0, z: 0}
--- !u!114 &8296552895039027028
MonoBehaviour:
  m_ObjectHideFlags: 0
  m_CorrespondingSourceObject: {fileID: 0}
  m_PrefabInstance: {fileID: 0}
  m_PrefabAsset: {fileID: 0}
  m_GameObject: {fileID: 9003961933074881626}
  m_Enabled: 1
  m_EditorHideFlags: 0
  m_Script: {fileID: 11500000, guid: c99bf96ddb689874f910c5a5c0d6c88b, type: 3}
  m_Name: 
  m_EditorClassIdentifier: 
  Collider: {fileID: 0}
--- !u!1001 &4804890582559769287
PrefabInstance:
  m_ObjectHideFlags: 0
  serializedVersion: 2
  m_Modification:
    m_TransformParent: {fileID: 3249544387886240377}
    m_Modifications:
    - target: {fileID: 460235705, guid: 357f456ac7ed97c4a99dd607a6916e99, type: 3}
      propertyPath: customInstanceID
      value: -2884814
      objectReference: {fileID: 0}
    - target: {fileID: 460235705, guid: 357f456ac7ed97c4a99dd607a6916e99, type: 3}
      propertyPath: particleMaterial
      value: 
      objectReference: {fileID: 0}
    - target: {fileID: 460235705, guid: 357f456ac7ed97c4a99dd607a6916e99, type: 3}
      propertyPath: startSize.value1
      value: 0.89
      objectReference: {fileID: 0}
    - target: {fileID: 460235705, guid: 357f456ac7ed97c4a99dd607a6916e99, type: 3}
      propertyPath: startSize.value2
      value: 1.1
      objectReference: {fileID: 0}
    - target: {fileID: 460235705, guid: 357f456ac7ed97c4a99dd607a6916e99, type: 3}
      propertyPath: meshTargetPositionTexture
      value: 
      objectReference: {fileID: 0}
    - target: {fileID: 460235705, guid: 357f456ac7ed97c4a99dd607a6916e99, type: 3}
      propertyPath: particleData.metaBuffer_1
      value: 
      objectReference: {fileID: 0}
    - target: {fileID: 460235705, guid: 357f456ac7ed97c4a99dd607a6916e99, type: 3}
      propertyPath: particleData.metaBuffer_2
      value: 
      objectReference: {fileID: 0}
    - target: {fileID: 460235705, guid: 357f456ac7ed97c4a99dd607a6916e99, type: 3}
      propertyPath: particleData.randomBuffer
      value: 
      objectReference: {fileID: 0}
    - target: {fileID: 460235705, guid: 357f456ac7ed97c4a99dd607a6916e99, type: 3}
      propertyPath: bursts.Array.data[0].maxBurst
      value: 45
      objectReference: {fileID: 0}
    - target: {fileID: 460235705, guid: 357f456ac7ed97c4a99dd607a6916e99, type: 3}
      propertyPath: bursts.Array.data[0].minBurst
      value: 37
      objectReference: {fileID: 0}
    - target: {fileID: 460235705, guid: 357f456ac7ed97c4a99dd607a6916e99, type: 3}
      propertyPath: particleData.positionBuffer_1
      value: 
      objectReference: {fileID: 0}
    - target: {fileID: 460235705, guid: 357f456ac7ed97c4a99dd607a6916e99, type: 3}
      propertyPath: particleData.positionBuffer_2
      value: 
      objectReference: {fileID: 0}
    - target: {fileID: 460235705, guid: 357f456ac7ed97c4a99dd607a6916e99, type: 3}
      propertyPath: particleData.velocityBuffer_1
      value: 
      objectReference: {fileID: 0}
    - target: {fileID: 460235705, guid: 357f456ac7ed97c4a99dd607a6916e99, type: 3}
      propertyPath: particleData.velocityBuffer_2
      value: 
      objectReference: {fileID: 0}
    - target: {fileID: 460235705, guid: 357f456ac7ed97c4a99dd607a6916e99, type: 3}
      propertyPath: particleData.newParticleBuffer
      value: 
      objectReference: {fileID: 0}
    - target: {fileID: 5905628951891566797, guid: 357f456ac7ed97c4a99dd607a6916e99,
        type: 3}
      propertyPath: m_LocalScale.x
      value: 0.5
      objectReference: {fileID: 0}
    - target: {fileID: 5905628951891566797, guid: 357f456ac7ed97c4a99dd607a6916e99,
        type: 3}
      propertyPath: m_LocalScale.y
      value: 0.5
      objectReference: {fileID: 0}
    - target: {fileID: 5905628951891566797, guid: 357f456ac7ed97c4a99dd607a6916e99,
        type: 3}
      propertyPath: m_LocalScale.z
      value: 0.5
      objectReference: {fileID: 0}
    - target: {fileID: 5905628951891566799, guid: 357f456ac7ed97c4a99dd607a6916e99,
        type: 3}
      propertyPath: m_PropertySheet.m_Float.m_Array.Array.data[0].m_Value
      value: 12
      objectReference: {fileID: 0}
    - target: {fileID: 5905628951891566799, guid: 357f456ac7ed97c4a99dd607a6916e99,
        type: 3}
      propertyPath: m_PropertySheet.m_Vector2f.m_Array.Array.data[0].m_Value.x
      value: 0.1
      objectReference: {fileID: 0}
    - target: {fileID: 5905628951891566799, guid: 357f456ac7ed97c4a99dd607a6916e99,
        type: 3}
      propertyPath: m_PropertySheet.m_Vector2f.m_Array.Array.data[0].m_Value.y
      value: 0.3
      objectReference: {fileID: 0}
    - target: {fileID: 5905628953236615562, guid: 357f456ac7ed97c4a99dd607a6916e99,
        type: 3}
      propertyPath: m_RootOrder
      value: 0
      objectReference: {fileID: 0}
    - target: {fileID: 5905628953236615562, guid: 357f456ac7ed97c4a99dd607a6916e99,
        type: 3}
      propertyPath: m_LocalPosition.x
      value: 0
      objectReference: {fileID: 0}
    - target: {fileID: 5905628953236615562, guid: 357f456ac7ed97c4a99dd607a6916e99,
        type: 3}
      propertyPath: m_LocalPosition.y
      value: 0
      objectReference: {fileID: 0}
    - target: {fileID: 5905628953236615562, guid: 357f456ac7ed97c4a99dd607a6916e99,
        type: 3}
      propertyPath: m_LocalPosition.z
      value: 0
      objectReference: {fileID: 0}
    - target: {fileID: 5905628953236615562, guid: 357f456ac7ed97c4a99dd607a6916e99,
        type: 3}
      propertyPath: m_LocalRotation.w
      value: 1
      objectReference: {fileID: 0}
    - target: {fileID: 5905628953236615562, guid: 357f456ac7ed97c4a99dd607a6916e99,
        type: 3}
      propertyPath: m_LocalRotation.x
      value: -0
      objectReference: {fileID: 0}
    - target: {fileID: 5905628953236615562, guid: 357f456ac7ed97c4a99dd607a6916e99,
        type: 3}
      propertyPath: m_LocalRotation.y
      value: -0
      objectReference: {fileID: 0}
    - target: {fileID: 5905628953236615562, guid: 357f456ac7ed97c4a99dd607a6916e99,
        type: 3}
      propertyPath: m_LocalRotation.z
      value: -0
      objectReference: {fileID: 0}
    - target: {fileID: 5905628953236615562, guid: 357f456ac7ed97c4a99dd607a6916e99,
        type: 3}
      propertyPath: m_LocalEulerAnglesHint.x
      value: 0
      objectReference: {fileID: 0}
    - target: {fileID: 5905628953236615562, guid: 357f456ac7ed97c4a99dd607a6916e99,
        type: 3}
      propertyPath: m_LocalEulerAnglesHint.y
      value: 0
      objectReference: {fileID: 0}
    - target: {fileID: 5905628953236615562, guid: 357f456ac7ed97c4a99dd607a6916e99,
        type: 3}
      propertyPath: m_LocalEulerAnglesHint.z
      value: 0
      objectReference: {fileID: 0}
    - target: {fileID: 5905628953236615563, guid: 357f456ac7ed97c4a99dd607a6916e99,
        type: 3}
      propertyPath: m_Name
      value: ElectricShockVFS
      objectReference: {fileID: 0}
    - target: {fileID: 5905628953596191280, guid: 357f456ac7ed97c4a99dd607a6916e99,
        type: 3}
      propertyPath: InitialModule.startSize.scalar
      value: 1.1
      objectReference: {fileID: 0}
    - target: {fileID: 5905628953596191283, guid: 357f456ac7ed97c4a99dd607a6916e99,
        type: 3}
      propertyPath: m_LocalScale.x
      value: 0.1
      objectReference: {fileID: 0}
    - target: {fileID: 5905628953596191283, guid: 357f456ac7ed97c4a99dd607a6916e99,
        type: 3}
      propertyPath: m_LocalScale.y
      value: 0.1
      objectReference: {fileID: 0}
    - target: {fileID: 5905628953596191283, guid: 357f456ac7ed97c4a99dd607a6916e99,
        type: 3}
      propertyPath: m_LocalScale.z
      value: 0.1
      objectReference: {fileID: 0}
    - target: {fileID: 6475975795303445359, guid: 357f456ac7ed97c4a99dd607a6916e99,
        type: 3}
      propertyPath: model
      value: 
      objectReference: {fileID: 7274929679572789618}
    m_RemovedComponents: []
  m_SourcePrefab: {fileID: 100100000, guid: 357f456ac7ed97c4a99dd607a6916e99, type: 3}
--- !u!4 &1394819256859128653 stripped
Transform:
  m_CorrespondingSourceObject: {fileID: 5905628953236615562, guid: 357f456ac7ed97c4a99dd607a6916e99,
    type: 3}
  m_PrefabInstance: {fileID: 4804890582559769287}
  m_PrefabAsset: {fileID: 0}
--- !u!114 &1977413576126542248 stripped
MonoBehaviour:
  m_CorrespondingSourceObject: {fileID: 6475975795303445359, guid: 357f456ac7ed97c4a99dd607a6916e99,
    type: 3}
  m_PrefabInstance: {fileID: 4804890582559769287}
  m_PrefabAsset: {fileID: 0}
  m_GameObject: {fileID: 0}
  m_Enabled: 1
  m_EditorHideFlags: 0
  m_Script: {fileID: 11500000, guid: 52500459c9b57c34ab536461b646c4d3, type: 3}
  m_Name: 
  m_EditorClassIdentifier: 
