%YAML 1.1
%TAG !u! tag:unity3d.com,2011:
--- !u!1 &966655329570753472
GameObject:
  m_ObjectHideFlags: 0
  m_CorrespondingSourceObject: {fileID: 0}
  m_PrefabInstance: {fileID: 0}
  m_PrefabAsset: {fileID: 0}
  serializedVersion: 6
  m_Component:
  - component: {fileID: 8508436115962126953}
  - component: {fileID: 166478432058997570}
  m_Layer: 3
  m_Name: DashSFX
  m_TagString: Untagged
  m_Icon: {fileID: 0}
  m_NavMeshLayer: 0
  m_StaticEditorFlags: 0
  m_IsActive: 1
--- !u!4 &8508436115962126953
Transform:
  m_ObjectHideFlags: 0
  m_CorrespondingSourceObject: {fileID: 0}
  m_PrefabInstance: {fileID: 0}
  m_PrefabAsset: {fileID: 0}
  m_GameObject: {fileID: 966655329570753472}
  m_LocalRotation: {x: -0, y: -0, z: -0, w: 1}
  m_LocalPosition: {x: 116.57001, y: 7.1000004, z: -26.099998}
  m_LocalScale: {x: 1, y: 1, z: 1}
  m_ConstrainProportionsScale: 0
  m_Children: []
  m_Father: {fileID: 4706762111431870560}
  m_RootOrder: 3
  m_LocalEulerAnglesHint: {x: 0, y: 0, z: 0}
--- !u!114 &166478432058997570
MonoBehaviour:
  m_ObjectHideFlags: 0
  m_CorrespondingSourceObject: {fileID: 0}
  m_PrefabInstance: {fileID: 0}
  m_PrefabAsset: {fileID: 0}
  m_GameObject: {fileID: 966655329570753472}
  m_Enabled: 1
  m_EditorHideFlags: 0
  m_Script: {fileID: 11500000, guid: 9a6610d2e704f1648819acc8d7460285, type: 3}
  m_Name: 
  m_EditorClassIdentifier: 
  CollisionTag: 
  EventReference:
    Guid:
      Data1: -41139216
      Data2: 1227404940
      Data3: -1869920366
      Data4: 1196007066
    Path: event:/SFX/Coralium/Dash/Dash
  Event: 
  PlayEvent: 0
  StopEvent: 0
  AllowFadeout: 1
  TriggerOnce: 0
  Preload: 0
  Params: []
  OverrideAttenuation: 0
  OverrideMinDistance: 1
  OverrideMaxDistance: 20
--- !u!1 &4706762109635200351
GameObject:
  m_ObjectHideFlags: 0
  m_CorrespondingSourceObject: {fileID: 0}
  m_PrefabInstance: {fileID: 0}
  m_PrefabAsset: {fileID: 0}
  serializedVersion: 6
  m_Component:
  - component: {fileID: 4706762109635200350}
  m_Layer: 0
  m_Name: BossLionFish
  m_TagString: Untagged
  m_Icon: {fileID: 0}
  m_NavMeshLayer: 0
  m_StaticEditorFlags: 0
  m_IsActive: 1
--- !u!4 &4706762109635200350
Transform:
  m_ObjectHideFlags: 0
  m_CorrespondingSourceObject: {fileID: 0}
  m_PrefabInstance: {fileID: 0}
  m_PrefabAsset: {fileID: 0}
  m_GameObject: {fileID: 4706762109635200351}
  m_LocalRotation: {x: 0, y: 0, z: 0, w: 1}
  m_LocalPosition: {x: 0, y: 0, z: 0}
  m_LocalScale: {x: 1, y: 1, z: 1}
  m_ConstrainProportionsScale: 0
  m_Children:
  - {fileID: 4706762111431870560}
  - {fileID: 4706762111077522846}
  m_Father: {fileID: 0}
  m_RootOrder: 0
  m_LocalEulerAnglesHint: {x: 0, y: 0, z: 0}
--- !u!1 &4706762111077522847
GameObject:
  m_ObjectHideFlags: 0
  m_CorrespondingSourceObject: {fileID: 0}
  m_PrefabInstance: {fileID: 0}
  m_PrefabAsset: {fileID: 0}
  serializedVersion: 6
  m_Component:
  - component: {fileID: 4706762111077522846}
  - component: {fileID: 4706762111077522832}
  - component: {fileID: 4706762111077522833}
  - component: {fileID: 4706762111077522834}
  - component: {fileID: 4706762111077522835}
  - component: {fileID: 265085198535169089}
  m_Layer: 20
  m_Name: EnemyAITrigger
  m_TagString: Untagged
  m_Icon: {fileID: 0}
  m_NavMeshLayer: 0
  m_StaticEditorFlags: 0
  m_IsActive: 1
--- !u!4 &4706762111077522846
Transform:
  m_ObjectHideFlags: 0
  m_CorrespondingSourceObject: {fileID: 0}
  m_PrefabInstance: {fileID: 0}
  m_PrefabAsset: {fileID: 0}
  m_GameObject: {fileID: 4706762111077522847}
  m_LocalRotation: {x: 0, y: 0, z: 0, w: 1}
  m_LocalPosition: {x: 0, y: 0, z: 0}
  m_LocalScale: {x: 170.53502, y: 99.86105, z: 141.20306}
  m_ConstrainProportionsScale: 0
  m_Children: []
  m_Father: {fileID: 4706762109635200350}
  m_RootOrder: 1
  m_LocalEulerAnglesHint: {x: 0, y: 0, z: 0}
--- !u!114 &4706762111077522832
MonoBehaviour:
  m_ObjectHideFlags: 0
  m_CorrespondingSourceObject: {fileID: 0}
  m_PrefabInstance: {fileID: 0}
  m_PrefabAsset: {fileID: 0}
  m_GameObject: {fileID: 4706762111077522847}
  m_Enabled: 1
  m_EditorHideFlags: 0
  m_Script: {fileID: 11500000, guid: c99bf96ddb689874f910c5a5c0d6c88b, type: 3}
  m_Name: 
  m_EditorClassIdentifier: 
  Collider: {fileID: 0}
--- !u!65 &4706762111077522833
BoxCollider:
  m_ObjectHideFlags: 0
  m_CorrespondingSourceObject: {fileID: 0}
  m_PrefabInstance: {fileID: 0}
  m_PrefabAsset: {fileID: 0}
  m_GameObject: {fileID: 4706762111077522847}
  m_Material: {fileID: 0}
  m_IsTrigger: 1
  m_Enabled: 1
  serializedVersion: 2
  m_Size: {x: 1, y: 1, z: 1}
  m_Center: {x: 0, y: 0, z: 0}
--- !u!33 &4706762111077522834
MeshFilter:
  m_ObjectHideFlags: 0
  m_CorrespondingSourceObject: {fileID: 0}
  m_PrefabInstance: {fileID: 0}
  m_PrefabAsset: {fileID: 0}
  m_GameObject: {fileID: 4706762111077522847}
  m_Mesh: {fileID: 10202, guid: 0000000000000000e000000000000000, type: 0}
--- !u!23 &4706762111077522835
MeshRenderer:
  m_ObjectHideFlags: 0
  m_CorrespondingSourceObject: {fileID: 0}
  m_PrefabInstance: {fileID: 0}
  m_PrefabAsset: {fileID: 0}
  m_GameObject: {fileID: 4706762111077522847}
  m_Enabled: 1
  m_CastShadows: 1
  m_ReceiveShadows: 1
  m_DynamicOccludee: 1
  m_StaticShadowCaster: 0
  m_MotionVectors: 1
  m_LightProbeUsage: 1
  m_ReflectionProbeUsage: 1
  m_RayTracingMode: 2
  m_RayTraceProcedural: 0
  m_RenderingLayerMask: 1
  m_RendererPriority: 0
  m_Materials:
  - {fileID: 2100000, guid: 1723b25ccf34ea84c8978263128751e4, type: 2}
  m_StaticBatchInfo:
    firstSubMesh: 0
    subMeshCount: 0
  m_StaticBatchRoot: {fileID: 0}
  m_ProbeAnchor: {fileID: 0}
  m_LightProbeVolumeOverride: {fileID: 0}
  m_ScaleInLightmap: 1
  m_ReceiveGI: 1
  m_PreserveUVs: 0
  m_IgnoreNormalsForChartDetection: 0
  m_ImportantGI: 0
  m_StitchLightmapSeams: 1
  m_SelectedEditorRenderState: 3
  m_MinimumChartSize: 4
  m_AutoUVMaxDistance: 0.5
  m_AutoUVMaxAngle: 89
  m_LightmapParameters: {fileID: 0}
  m_SortingLayerID: 0
  m_SortingLayer: 0
  m_SortingOrder: 0
  m_AdditionalVertexStreams: {fileID: 0}
--- !u!114 &265085198535169089
MonoBehaviour:
  m_ObjectHideFlags: 0
  m_CorrespondingSourceObject: {fileID: 0}
  m_PrefabInstance: {fileID: 0}
  m_PrefabAsset: {fileID: 0}
  m_GameObject: {fileID: 4706762111077522847}
  m_Enabled: 1
  m_EditorHideFlags: 0
  m_Script: {fileID: 11500000, guid: c65121c80caa23840ac5fe4cb7e6486d, type: 3}
  m_Name: 
  m_EditorClassIdentifier: 
  layerData: {fileID: 11400000, guid: d90667e38f692854f871a6ece5614e19, type: 2}
  eventEmitterData:
    EventReference:
      Guid:
        Data1: -314959614
        Data2: 1227138056
        Data3: -2116493136
        Data4: -884382701
      Path: event:/Music
    ParameterName: Lionfish
    ParameterValue: 1
    ParameterIndex: 2
  useSmoothTransition: 0
  smoothDuration: 0
  useExternalHandle: 0
  paraemterChanged: 0
--- !u!1 &4706762111431870574
GameObject:
  m_ObjectHideFlags: 0
  m_CorrespondingSourceObject: {fileID: 0}
  m_PrefabInstance: {fileID: 0}
  m_PrefabAsset: {fileID: 0}
  serializedVersion: 6
  m_Component:
  - component: {fileID: 4706762111431870560}
  - component: {fileID: 5106122271976218787}
  - component: {fileID: 293064272327067349}
  - component: {fileID: 3353711753239714035}
  - component: {fileID: 3052382679611892149}
  - component: {fileID: 4706762111431870564}
  - component: {fileID: 4706762111431870562}
  - component: {fileID: 8195680349101639598}
  - component: {fileID: 7166060466986059553}
  - component: {fileID: 266226237}
  - component: {fileID: 4706762111431870565}
  - component: {fileID: 4374607024249569836}
  - component: {fileID: 8469774936402772679}
  - component: {fileID: 8900903042869503241}
  - component: {fileID: 6114465090796157499}
  m_Layer: 9
  m_Name: LionFishController
  m_TagString: Untagged
  m_Icon: {fileID: 0}
  m_NavMeshLayer: 0
  m_StaticEditorFlags: 0
  m_IsActive: 1
--- !u!4 &4706762111431870560
Transform:
  m_ObjectHideFlags: 0
  m_CorrespondingSourceObject: {fileID: 0}
  m_PrefabInstance: {fileID: 0}
  m_PrefabAsset: {fileID: 0}
  m_GameObject: {fileID: 4706762111431870574}
  m_LocalRotation: {x: -0, y: -0, z: -0, w: 1}
  m_LocalPosition: {x: 0, y: 0, z: 0}
  m_LocalScale: {x: 1, y: 1, z: 1}
  m_ConstrainProportionsScale: 0
  m_Children:
  - {fileID: 9052755321286721916}
  - {fileID: 4197762211130404334}
  - {fileID: 6175988908466407861}
  - {fileID: 8508436115962126953}
  - {fileID: 3416311331722670405}
  m_Father: {fileID: 4706762109635200350}
  m_RootOrder: 0
  m_LocalEulerAnglesHint: {x: 0, y: 0, z: 0}
--- !u!114 &5106122271976218787
MonoBehaviour:
  m_ObjectHideFlags: 0
  m_CorrespondingSourceObject: {fileID: 0}
  m_PrefabInstance: {fileID: 0}
  m_PrefabAsset: {fileID: 0}
  m_GameObject: {fileID: 4706762111431870574}
  m_Enabled: 1
  m_EditorHideFlags: 0
  m_Script: {fileID: 11500000, guid: 61c74ce45e63ffa4ea704a8f4ff51373, type: 3}
  m_Name: 
  m_EditorClassIdentifier: 
  BaseCharacter: {fileID: 11400000, guid: 94a3c344a381ec64d81e44ffc25e33e0, type: 2}
  Model: {fileID: 6813578067871057554}
  modelContainer: {fileID: 9052755321286721916}
  inunityObject: {fileID: 0}
  diedEffect: 0
  FEELSData:
    <StartIdle>k__BackingField: {fileID: 0}
    <StopIdle>k__BackingField: {fileID: 0}
    <StartStop>k__BackingField: {fileID: 0}
    <StopStop>k__BackingField: {fileID: 0}
    <StartMove>k__BackingField: {fileID: 0}
    <StopMove>k__BackingField: {fileID: 0}
    <StartDash>k__BackingField: {fileID: 0}
    <StopDash>k__BackingField: {fileID: 0}
    <StartLunge>k__BackingField: {fileID: 0}
    <StopLunge>k__BackingField: {fileID: 0}
    <StartKnockBack>k__BackingField: {fileID: 0}
    <StopKnockBack>k__BackingField: {fileID: 0}
    <StartCrashKnockBack>k__BackingField: {fileID: 0}
    <StopCrashKnockBack>k__BackingField: {fileID: 0}
    currentStretchFEEL: {fileID: 0}
  EnergiBar: {fileID: 0}
  movementEmitter: {fileID: 0}
  BaseMovementData: {fileID: 11400000, guid: bc0598cadab7a1f41969afb4d7fb01e6, type: 2}
  MovementData: {fileID: 0}
  knockBackDuration: 1.5
  knockBackMultiplier: 2.25
  autoAim: 0
  deathSFX: {fileID: 3716069176025968050}
  battleMusicData:
    EventReference:
      Guid:
        Data1: -314959614
        Data2: 1227138056
        Data3: -2116493136
        Data4: -884382701
      Path: event:/Music
    ParameterName: Zone
    ParameterValue: 3
    ParameterIndex: 4
  TargetGuide: {x: 0, y: 9.75, z: 0}
  damageSFX: {fileID: 0}
  <PlayerDamageKnockBackDuration>k__BackingField: 2
--- !u!114 &293064272327067349
MonoBehaviour:
  m_ObjectHideFlags: 0
  m_CorrespondingSourceObject: {fileID: 0}
  m_PrefabInstance: {fileID: 0}
  m_PrefabAsset: {fileID: 0}
  m_GameObject: {fileID: 4706762111431870574}
  m_Enabled: 1
  m_EditorHideFlags: 0
  m_Script: {fileID: 11500000, guid: 5e43b4b0f7d2b484fb0fe55ed74a8baa, type: 3}
  m_Name: 
  m_EditorClassIdentifier: 
  HorizontalMove: 0
  ActiveChase: {fileID: 4706762111077522832}
  referenceSpeedMultiplier: 0.75
  damageType: 0
  phaseAmount: 1
  extraPhase: 1
  currentPhase: 0
--- !u!114 &3353711753239714035
MonoBehaviour:
  m_ObjectHideFlags: 0
  m_CorrespondingSourceObject: {fileID: 0}
  m_PrefabInstance: {fileID: 0}
  m_PrefabAsset: {fileID: 0}
  m_GameObject: {fileID: 4706762111431870574}
  m_Enabled: 1
  m_EditorHideFlags: 0
  m_Script: {fileID: 11500000, guid: 90efc32da37aafa4989d9a6a5ba267c2, type: 3}
  m_Name: 
  m_EditorClassIdentifier: 
  <BaseAbilities>k__BackingField:
  - {fileID: -4793735405764323992, guid: ef349685258f60942944fe16b583e7df, type: 3}
  - {fileID: 278458993768989934, guid: e4931d6873a5d594d8d308bcae3501a3, type: 3}
  CurrentAbility: {fileID: 0}
--- !u!114 &3052382679611892149
MonoBehaviour:
  m_ObjectHideFlags: 0
  m_CorrespondingSourceObject: {fileID: 0}
  m_PrefabInstance: {fileID: 0}
  m_PrefabAsset: {fileID: 0}
  m_GameObject: {fileID: 4706762111431870574}
  m_Enabled: 1
  m_EditorHideFlags: 0
  m_Script: {fileID: 11500000, guid: 8d7b55c7ecdb49a4a89fa5e6f9022861, type: 3}
  m_Name: 
  m_EditorClassIdentifier: 
  startWhenEnabled: 1
  asynchronousLoad: 0
  pauseWhenDisabled: 0
  restartWhenComplete: 0
  logTaskChanges: 0
  group: 0
  resetValuesOnRestart: 0
  externalBehavior: {fileID: 11400000, guid: 92246c5a2b532f647ad36fd3a5e9415f, type: 2}
  mBehaviorSource:
    behaviorName: Behavior
    behaviorDescription: 
    mTaskData:
      types: []
      parentIndex: 
      startIndex: 
      variableStartIndex: 
      JSONSerialization: '{"Variables":[{"Type":"SharedEnemyController","Name":"EnemyController","IsShared":true,"EnemyControllermValue":0},{"Type":"BehaviorDesigner.Runtime.SharedGameObject","Name":"PlayerGameObject","IsShared":true},{"Type":"SharedEnemyCharacter","Name":"EnemyCharacter","IsShared":true,"EnemyCharactermValue":1},{"Type":"BehaviorDesigner.Runtime.SharedBool","Name":"playerDetected","IsShared":true,"PropertyMapping":"BossEnemyController/PlayerDetected","PropertyMappingOwner":2,"BooleanmValue":false}]}'
      fieldSerializationData:
        typeName: []
        fieldNameHash: 
        startIndex: 
        dataPosition: 
        unityObjects:
        - {fileID: 293064272327067349}
        - {fileID: 5106122271976218787}
        - {fileID: 4706762111431870574}
        byteData: 
        byteDataArray: 
      Version: 1.7.4
  gizmoViewMode: 2
  showBehaviorDesignerGizmo: 1
--- !u!114 &4706762111431870564
MonoBehaviour:
  m_ObjectHideFlags: 0
  m_CorrespondingSourceObject: {fileID: 0}
  m_PrefabInstance: {fileID: 0}
  m_PrefabAsset: {fileID: 0}
  m_GameObject: {fileID: 4706762111431870574}
  m_Enabled: 1
  m_EditorHideFlags: 0
  m_Script: {fileID: 11500000, guid: 9efb9b224000ba946b22dc8e9e964035, type: 3}
  m_Name: 
  m_EditorClassIdentifier: 
  VelocityForceVector: {x: 0, y: 0, z: 0}
  AffectByExternalForce: 1
  ExternalVelocityForceVector: {x: 0, y: 0, z: 0}
  affectByExternalForceVelocityMultiplier: 0.75
  autoInitialize: 0
  autoRigyBody: {fileID: 0}
--- !u!54 &4706762111431870562
Rigidbody:
  m_ObjectHideFlags: 0
  m_CorrespondingSourceObject: {fileID: 0}
  m_PrefabInstance: {fileID: 0}
  m_PrefabAsset: {fileID: 0}
  m_GameObject: {fileID: 4706762111431870574}
  serializedVersion: 2
  m_Mass: 1
  m_Drag: 0
  m_AngularDrag: 0.05
  m_UseGravity: 0
  m_IsKinematic: 0
  m_Interpolate: 0
  m_Constraints: 120
  m_CollisionDetection: 0
--- !u!114 &8195680349101639598
MonoBehaviour:
  m_ObjectHideFlags: 0
  m_CorrespondingSourceObject: {fileID: 0}
  m_PrefabInstance: {fileID: 0}
  m_PrefabAsset: {fileID: 0}
  m_GameObject: {fileID: 4706762111431870574}
  m_Enabled: 1
  m_EditorHideFlags: 0
  m_Script: {fileID: 11500000, guid: 8568d462a356fda458f61ce92c459e81, type: 3}
  m_Name: 
  m_EditorClassIdentifier: 
  dropObjectPrefabs:
  - {fileID: 1592440652019651198, guid: 5a7eb94a4b978264eb09cdbb76363872, type: 3}
  - {fileID: 1592440652019651198, guid: 5a7eb94a4b978264eb09cdbb76363872, type: 3}
  targetObjectTransform: {fileID: 0}
  randomAreaSize: 5
  showTargueGuidArea: 0
  offsetGuide: {x: 0, y: 0, z: 0}
  dropSFX: {fileID: 0}
  dropEvent:
    m_PersistentCalls:
      m_Calls: []
--- !u!114 &7166060466986059553
MonoBehaviour:
  m_ObjectHideFlags: 0
  m_CorrespondingSourceObject: {fileID: 0}
  m_PrefabInstance: {fileID: 0}
  m_PrefabAsset: {fileID: 0}
  m_GameObject: {fileID: 4706762111431870574}
  m_Enabled: 1
  m_EditorHideFlags: 0
  m_Script: {fileID: 11500000, guid: 50cb545a855b4b94fad81854e8a1e441, type: 3}
  m_Name: 
  m_EditorClassIdentifier: 
  prefabUI: {fileID: 4946868315853398288, guid: 2975496eab97afd4b94cc3e54658ecbd,
    type: 3}
  targetPosition: {x: 0, y: 8.5, z: 0}
  showOnStart: 1
  showGuide: 1
  character: {fileID: 5106122271976218787}
--- !u!114 &266226237
MonoBehaviour:
  m_ObjectHideFlags: 0
  m_CorrespondingSourceObject: {fileID: 0}
  m_PrefabInstance: {fileID: 0}
  m_PrefabAsset: {fileID: 0}
  m_GameObject: {fileID: 4706762111431870574}
  m_Enabled: 1
  m_EditorHideFlags: 0
  m_Script: {fileID: 11500000, guid: c99bf96ddb689874f910c5a5c0d6c88b, type: 3}
  m_Name: 
  m_EditorClassIdentifier: 
  Collider: {fileID: 0}
--- !u!114 &4706762111431870565
MonoBehaviour:
  m_ObjectHideFlags: 0
  m_CorrespondingSourceObject: {fileID: 0}
  m_PrefabInstance: {fileID: 0}
  m_PrefabAsset: {fileID: 0}
  m_GameObject: {fileID: 4706762111431870574}
  m_Enabled: 1
  m_EditorHideFlags: 0
  m_Script: {fileID: 11500000, guid: ccf4bb4922007c543abfd5c03a517888, type: 3}
  m_Name: 
  m_EditorClassIdentifier: 
--- !u!114 &4374607024249569836
MonoBehaviour:
  m_ObjectHideFlags: 0
  m_CorrespondingSourceObject: {fileID: 0}
  m_PrefabInstance: {fileID: 0}
  m_PrefabAsset: {fileID: 0}
  m_GameObject: {fileID: 4706762111431870574}
  m_Enabled: 1
  m_EditorHideFlags: 0
  m_Script: {fileID: 11500000, guid: 1e145a70903feae4f8f9407cf14403ae, type: 3}
  m_Name: 
  m_EditorClassIdentifier: 
--- !u!114 &8469774936402772679
MonoBehaviour:
  m_ObjectHideFlags: 0
  m_CorrespondingSourceObject: {fileID: 0}
  m_PrefabInstance: {fileID: 0}
  m_PrefabAsset: {fileID: 0}
  m_GameObject: {fileID: 4706762111431870574}
  m_Enabled: 1
  m_EditorHideFlags: 0
  m_Script: {fileID: 11500000, guid: 88de7c1871110814ca3c1c7b28e24a08, type: 3}
  m_Name: 
  m_EditorClassIdentifier: 
--- !u!114 &8900903042869503241
MonoBehaviour:
  m_ObjectHideFlags: 0
  m_CorrespondingSourceObject: {fileID: 0}
  m_PrefabInstance: {fileID: 0}
  m_PrefabAsset: {fileID: 0}
  m_GameObject: {fileID: 4706762111431870574}
  m_Enabled: 1
  m_EditorHideFlags: 0
  m_Script: {fileID: 11500000, guid: e02ba517e879b0644bbbeb231770bfcc, type: 3}
  m_Name: 
  m_EditorClassIdentifier: 
  modelContainer: {fileID: 5787000148336685484}
--- !u!114 &6114465090796157499
MonoBehaviour:
  m_ObjectHideFlags: 0
  m_CorrespondingSourceObject: {fileID: 0}
  m_PrefabInstance: {fileID: 0}
  m_PrefabAsset: {fileID: 0}
  m_GameObject: {fileID: 4706762111431870574}
  m_Enabled: 1
  m_EditorHideFlags: 0
  m_Script: {fileID: 11500000, guid: ff21d06f76791ea4fa85a9f1fcfeb173, type: 3}
  m_Name: 
  m_EditorClassIdentifier: 
--- !u!1 &5787000148336685484
GameObject:
  m_ObjectHideFlags: 0
  m_CorrespondingSourceObject: {fileID: 0}
  m_PrefabInstance: {fileID: 0}
  m_PrefabAsset: {fileID: 0}
  serializedVersion: 6
  m_Component:
  - component: {fileID: 9052755321286721916}
  m_Layer: 9
  m_Name: ModelContainer
  m_TagString: Untagged
  m_Icon: {fileID: 0}
  m_NavMeshLayer: 0
  m_StaticEditorFlags: 0
  m_IsActive: 1
--- !u!4 &9052755321286721916
Transform:
  m_ObjectHideFlags: 0
  m_CorrespondingSourceObject: {fileID: 0}
  m_PrefabInstance: {fileID: 0}
  m_PrefabAsset: {fileID: 0}
  m_GameObject: {fileID: 5787000148336685484}
  m_LocalRotation: {x: -0, y: -0, z: -0, w: 1}
  m_LocalPosition: {x: 0, y: 0, z: 0}
  m_LocalScale: {x: 1, y: 1, z: 1}
  m_ConstrainProportionsScale: 0
  m_Children:
  - {fileID: 3219179952458904198}
  m_Father: {fileID: 4706762111431870560}
  m_RootOrder: 0
  m_LocalEulerAnglesHint: {x: 0, y: 0, z: 0}
--- !u!1 &7316156536391086673
GameObject:
  m_ObjectHideFlags: 0
  m_CorrespondingSourceObject: {fileID: 0}
  m_PrefabInstance: {fileID: 0}
  m_PrefabAsset: {fileID: 0}
  serializedVersion: 6
  m_Component:
  - component: {fileID: 4197762211130404334}
  - component: {fileID: 8592827296235077745}
  m_Layer: 9
  m_Name: StartAttackSFX
  m_TagString: Untagged
  m_Icon: {fileID: 0}
  m_NavMeshLayer: 0
  m_StaticEditorFlags: 0
  m_IsActive: 1
--- !u!4 &4197762211130404334
Transform:
  m_ObjectHideFlags: 0
  m_CorrespondingSourceObject: {fileID: 0}
  m_PrefabInstance: {fileID: 0}
  m_PrefabAsset: {fileID: 0}
  m_GameObject: {fileID: 7316156536391086673}
  m_LocalRotation: {x: 0, y: 0, z: 0, w: 1}
  m_LocalPosition: {x: 0, y: 0, z: 0}
  m_LocalScale: {x: 1, y: 1, z: 1}
  m_ConstrainProportionsScale: 0
  m_Children: []
  m_Father: {fileID: 4706762111431870560}
  m_RootOrder: 1
  m_LocalEulerAnglesHint: {x: 0, y: 0, z: 0}
--- !u!114 &8592827296235077745
MonoBehaviour:
  m_ObjectHideFlags: 0
  m_CorrespondingSourceObject: {fileID: 0}
  m_PrefabInstance: {fileID: 0}
  m_PrefabAsset: {fileID: 0}
  m_GameObject: {fileID: 7316156536391086673}
  m_Enabled: 1
  m_EditorHideFlags: 0
  m_Script: {fileID: 11500000, guid: 9a6610d2e704f1648819acc8d7460285, type: 3}
  m_Name: 
  m_EditorClassIdentifier: 
  CollisionTag: 
  EventReference:
    Guid:
      Data1: -1974072172
      Data2: 1214770612
      Data3: 1312638893
      Data4: 1528329138
    Path: event:/SFX/Enemies/Lionfish/Lionfish Attack
  Event: 
  PlayEvent: 0
  StopEvent: 0
  AllowFadeout: 1
  TriggerOnce: 0
  Preload: 0
  Params: []
  OverrideAttenuation: 0
  OverrideMinDistance: 1
  OverrideMaxDistance: 20
--- !u!1 &8277629891469650114
GameObject:
  m_ObjectHideFlags: 0
  m_CorrespondingSourceObject: {fileID: 0}
  m_PrefabInstance: {fileID: 0}
  m_PrefabAsset: {fileID: 0}
  serializedVersion: 6
  m_Component:
  - component: {fileID: 6175988908466407861}
  - component: {fileID: 3716069176025968050}
  m_Layer: 9
  m_Name: DeathSFX
  m_TagString: Untagged
  m_Icon: {fileID: 0}
  m_NavMeshLayer: 0
  m_StaticEditorFlags: 0
  m_IsActive: 1
--- !u!4 &6175988908466407861
Transform:
  m_ObjectHideFlags: 0
  m_CorrespondingSourceObject: {fileID: 0}
  m_PrefabInstance: {fileID: 0}
  m_PrefabAsset: {fileID: 0}
  m_GameObject: {fileID: 8277629891469650114}
  m_LocalRotation: {x: 0, y: 0, z: 0, w: 1}
  m_LocalPosition: {x: 0, y: 0, z: 0}
  m_LocalScale: {x: 1, y: 1, z: 1}
  m_ConstrainProportionsScale: 0
  m_Children: []
  m_Father: {fileID: 4706762111431870560}
  m_RootOrder: 2
  m_LocalEulerAnglesHint: {x: 0, y: 0, z: 0}
--- !u!114 &3716069176025968050
MonoBehaviour:
  m_ObjectHideFlags: 0
  m_CorrespondingSourceObject: {fileID: 0}
  m_PrefabInstance: {fileID: 0}
  m_PrefabAsset: {fileID: 0}
  m_GameObject: {fileID: 8277629891469650114}
  m_Enabled: 1
  m_EditorHideFlags: 0
  m_Script: {fileID: 11500000, guid: 9a6610d2e704f1648819acc8d7460285, type: 3}
  m_Name: 
  m_EditorClassIdentifier: 
  CollisionTag: 
  EventReference:
    Guid:
      Data1: 253972491
      Data2: 1300423168
      Data3: -1044201025
      Data4: 1631515367
    Path: event:/SFX/Enemies/Lionfish/Lionfish Death
  Event: 
  PlayEvent: 0
  StopEvent: 0
  AllowFadeout: 1
  TriggerOnce: 0
  Preload: 0
  Params: []
  OverrideAttenuation: 1
  OverrideMinDistance: 1
  OverrideMaxDistance: 200
--- !u!1001 &1195294050883979246
PrefabInstance:
  m_ObjectHideFlags: 0
  serializedVersion: 2
  m_Modification:
    m_TransformParent: {fileID: 4706762111431870560}
    m_Modifications:
    - target: {fileID: 447465407436092127, guid: deddad653af577d4f95c4741b59c66cf,
        type: 3}
      propertyPath: managedReferences[1346655538476482562].SquashAndStretchTarget
      value: 
      objectReference: {fileID: 9052755321286721916}
    - target: {fileID: 512505763107491139, guid: deddad653af577d4f95c4741b59c66cf,
        type: 3}
      propertyPath: managedReferences[1346655538476482562].SquashAndStretchTarget
      value: 
      objectReference: {fileID: 9052755321286721916}
    - target: {fileID: 1025519766757769999, guid: deddad653af577d4f95c4741b59c66cf,
        type: 3}
      propertyPath: managedReferences[1346655538476482562].SquashAndStretchTarget
      value: 
      objectReference: {fileID: 9052755321286721916}
    - target: {fileID: 2513870117769125302, guid: deddad653af577d4f95c4741b59c66cf,
        type: 3}
      propertyPath: managedReferences[1346655538476482562].SquashAndStretchTarget
      value: 
      objectReference: {fileID: 9052755321286721916}
    - target: {fileID: 3601879484185361377, guid: deddad653af577d4f95c4741b59c66cf,
        type: 3}
      propertyPath: managedReferences[1346655538476482562].SquashAndStretchTarget
      value: 
      objectReference: {fileID: 9052755321286721916}
    - target: {fileID: 3636060922489005208, guid: deddad653af577d4f95c4741b59c66cf,
        type: 3}
      propertyPath: m_Name
      value: BaseFEELS
      objectReference: {fileID: 0}
    - target: {fileID: 4611585505193850539, guid: deddad653af577d4f95c4741b59c66cf,
        type: 3}
      propertyPath: m_RootOrder
      value: 4
      objectReference: {fileID: 0}
    - target: {fileID: 4611585505193850539, guid: deddad653af577d4f95c4741b59c66cf,
        type: 3}
      propertyPath: m_LocalPosition.x
      value: 0
      objectReference: {fileID: 0}
    - target: {fileID: 4611585505193850539, guid: deddad653af577d4f95c4741b59c66cf,
        type: 3}
      propertyPath: m_LocalPosition.y
      value: 0
      objectReference: {fileID: 0}
    - target: {fileID: 4611585505193850539, guid: deddad653af577d4f95c4741b59c66cf,
        type: 3}
      propertyPath: m_LocalPosition.z
      value: 0
      objectReference: {fileID: 0}
    - target: {fileID: 4611585505193850539, guid: deddad653af577d4f95c4741b59c66cf,
        type: 3}
      propertyPath: m_LocalRotation.w
      value: 1
      objectReference: {fileID: 0}
    - target: {fileID: 4611585505193850539, guid: deddad653af577d4f95c4741b59c66cf,
        type: 3}
      propertyPath: m_LocalRotation.x
      value: -0
      objectReference: {fileID: 0}
    - target: {fileID: 4611585505193850539, guid: deddad653af577d4f95c4741b59c66cf,
        type: 3}
      propertyPath: m_LocalRotation.y
      value: -0
      objectReference: {fileID: 0}
    - target: {fileID: 4611585505193850539, guid: deddad653af577d4f95c4741b59c66cf,
        type: 3}
      propertyPath: m_LocalRotation.z
      value: -0
      objectReference: {fileID: 0}
    - target: {fileID: 4611585505193850539, guid: deddad653af577d4f95c4741b59c66cf,
        type: 3}
      propertyPath: m_LocalEulerAnglesHint.x
      value: 0
      objectReference: {fileID: 0}
    - target: {fileID: 4611585505193850539, guid: deddad653af577d4f95c4741b59c66cf,
        type: 3}
      propertyPath: m_LocalEulerAnglesHint.y
      value: 0
      objectReference: {fileID: 0}
    - target: {fileID: 4611585505193850539, guid: deddad653af577d4f95c4741b59c66cf,
        type: 3}
      propertyPath: m_LocalEulerAnglesHint.z
      value: 0
      objectReference: {fileID: 0}
    - target: {fileID: 4781575570046357712, guid: deddad653af577d4f95c4741b59c66cf,
        type: 3}
      propertyPath: managedReferences[1346655538476482562].SquashAndStretchTarget
      value: 
      objectReference: {fileID: 9052755321286721916}
    - target: {fileID: 5575499051694716325, guid: deddad653af577d4f95c4741b59c66cf,
        type: 3}
      propertyPath: managedReferences[1346655538476482562].SquashAndStretchTarget
      value: 
      objectReference: {fileID: 9052755321286721916}
    - target: {fileID: 7666616553239042497, guid: deddad653af577d4f95c4741b59c66cf,
        type: 3}
      propertyPath: managedReferences[1346655538476482562].SquashAndStretchTarget
      value: 
      objectReference: {fileID: 9052755321286721916}
    - target: {fileID: 8676298073115888735, guid: deddad653af577d4f95c4741b59c66cf,
        type: 3}
      propertyPath: managedReferences[1346655538476482562].SquashAndStretchTarget
      value: 
      objectReference: {fileID: 9052755321286721916}
    - target: {fileID: 9195900645607314634, guid: deddad653af577d4f95c4741b59c66cf,
        type: 3}
      propertyPath: managedReferences[1346655538476482562].SquashAndStretchTarget
      value: 
      objectReference: {fileID: 9052755321286721916}
    m_RemovedComponents: []
  m_SourcePrefab: {fileID: 100100000, guid: deddad653af577d4f95c4741b59c66cf, type: 3}
--- !u!4 &3416311331722670405 stripped
Transform:
  m_CorrespondingSourceObject: {fileID: 4611585505193850539, guid: deddad653af577d4f95c4741b59c66cf,
    type: 3}
  m_PrefabInstance: {fileID: 1195294050883979246}
  m_PrefabAsset: {fileID: 0}
--- !u!1001 &6359709645841089570
PrefabInstance:
  m_ObjectHideFlags: 0
  serializedVersion: 2
  m_Modification:
    m_TransformParent: {fileID: 9052755321286721916}
    m_Modifications:
    - target: {fileID: 489919417927533232, guid: 58fa7520015eeab4e87c7daab53146ec,
        type: 3}
      propertyPath: m_Name
      value: BossLionFishModel
      objectReference: {fileID: 0}
    - target: {fileID: 7884135062311957972, guid: 58fa7520015eeab4e87c7daab53146ec,
        type: 3}
      propertyPath: customInstanceID
      value: -2889108
      objectReference: {fileID: 0}
    - target: {fileID: 7884135062311957972, guid: 58fa7520015eeab4e87c7daab53146ec,
        type: 3}
      propertyPath: particleMaterial
      value: 
      objectReference: {fileID: 0}
    - target: {fileID: 7884135062311957972, guid: 58fa7520015eeab4e87c7daab53146ec,
        type: 3}
      propertyPath: particleData.metaBuffer_1
      value: 
      objectReference: {fileID: 0}
    - target: {fileID: 7884135062311957972, guid: 58fa7520015eeab4e87c7daab53146ec,
        type: 3}
      propertyPath: particleData.metaBuffer_2
      value: 
      objectReference: {fileID: 0}
    - target: {fileID: 7884135062311957972, guid: 58fa7520015eeab4e87c7daab53146ec,
        type: 3}
      propertyPath: particleData.randomBuffer
      value: 
      objectReference: {fileID: 0}
    - target: {fileID: 7884135062311957972, guid: 58fa7520015eeab4e87c7daab53146ec,
        type: 3}
      propertyPath: particleData.positionBuffer_1
      value: 
      objectReference: {fileID: 0}
    - target: {fileID: 7884135062311957972, guid: 58fa7520015eeab4e87c7daab53146ec,
        type: 3}
      propertyPath: particleData.positionBuffer_2
      value: 
      objectReference: {fileID: 0}
    - target: {fileID: 7884135062311957972, guid: 58fa7520015eeab4e87c7daab53146ec,
        type: 3}
      propertyPath: particleData.velocityBuffer_1
      value: 
      objectReference: {fileID: 0}
    - target: {fileID: 7884135062311957972, guid: 58fa7520015eeab4e87c7daab53146ec,
        type: 3}
      propertyPath: particleData.velocityBuffer_2
      value: 
      objectReference: {fileID: 0}
    - target: {fileID: 7884135062311957972, guid: 58fa7520015eeab4e87c7daab53146ec,
        type: 3}
      propertyPath: particleData.newParticleBuffer
      value: 
      objectReference: {fileID: 0}
    - target: {fileID: 8342129961387160383, guid: 58fa7520015eeab4e87c7daab53146ec,
        type: 3}
      propertyPath: startSize.seed
      value: 0.32639772
      objectReference: {fileID: 0}
    - target: {fileID: 8342129961387160383, guid: 58fa7520015eeab4e87c7daab53146ec,
        type: 3}
      propertyPath: startSpeed.seed
      value: 0.18026698
      objectReference: {fileID: 0}
    - target: {fileID: 8342129961387160383, guid: 58fa7520015eeab4e87c7daab53146ec,
        type: 3}
      propertyPath: customInstanceID
      value: -2889102
      objectReference: {fileID: 0}
    - target: {fileID: 8342129961387160383, guid: 58fa7520015eeab4e87c7daab53146ec,
        type: 3}
      propertyPath: particleMaterial
      value: 
      objectReference: {fileID: 0}
    - target: {fileID: 8342129961387160383, guid: 58fa7520015eeab4e87c7daab53146ec,
        type: 3}
      propertyPath: emissionRate.seed
      value: 0.5020787
      objectReference: {fileID: 0}
    - target: {fileID: 8342129961387160383, guid: 58fa7520015eeab4e87c7daab53146ec,
        type: 3}
      propertyPath: startLifetime.seed
      value: 0.7600808
      objectReference: {fileID: 0}
    - target: {fileID: 8342129961387160383, guid: 58fa7520015eeab4e87c7daab53146ec,
        type: 3}
      propertyPath: startRotation.seed
      value: 0.055140138
      objectReference: {fileID: 0}
    - target: {fileID: 8342129961387160383, guid: 58fa7520015eeab4e87c7daab53146ec,
        type: 3}
      propertyPath: sizeOverLifetime.seed
      value: 0.077393174
      objectReference: {fileID: 0}
    - target: {fileID: 8342129961387160383, guid: 58fa7520015eeab4e87c7daab53146ec,
        type: 3}
      propertyPath: colorOverLifetime.seed
      value: 0.7418835
      objectReference: {fileID: 0}
    - target: {fileID: 8342129961387160383, guid: 58fa7520015eeab4e87c7daab53146ec,
        type: 3}
      propertyPath: particleData.metaBuffer_1
      value: 
      objectReference: {fileID: 0}
    - target: {fileID: 8342129961387160383, guid: 58fa7520015eeab4e87c7daab53146ec,
        type: 3}
      propertyPath: particleData.metaBuffer_2
      value: 
      objectReference: {fileID: 0}
    - target: {fileID: 8342129961387160383, guid: 58fa7520015eeab4e87c7daab53146ec,
        type: 3}
      propertyPath: particleData.randomBuffer
      value: 
      objectReference: {fileID: 0}
    - target: {fileID: 8342129961387160383, guid: 58fa7520015eeab4e87c7daab53146ec,
        type: 3}
      propertyPath: rotationOverLifetime.seed
      value: 0.8282627
      objectReference: {fileID: 0}
    - target: {fileID: 8342129961387160383, guid: 58fa7520015eeab4e87c7daab53146ec,
        type: 3}
      propertyPath: particleData.positionBuffer_1
      value: 
      objectReference: {fileID: 0}
    - target: {fileID: 8342129961387160383, guid: 58fa7520015eeab4e87c7daab53146ec,
        type: 3}
      propertyPath: particleData.positionBuffer_2
      value: 
      objectReference: {fileID: 0}
    - target: {fileID: 8342129961387160383, guid: 58fa7520015eeab4e87c7daab53146ec,
        type: 3}
      propertyPath: particleData.velocityBuffer_1
      value: 
      objectReference: {fileID: 0}
    - target: {fileID: 8342129961387160383, guid: 58fa7520015eeab4e87c7daab53146ec,
        type: 3}
      propertyPath: particleData.velocityBuffer_2
      value: 
      objectReference: {fileID: 0}
    - target: {fileID: 8342129961387160383, guid: 58fa7520015eeab4e87c7daab53146ec,
        type: 3}
      propertyPath: particleData.newParticleBuffer
      value: 
      objectReference: {fileID: 0}
    - target: {fileID: 8425928302621161124, guid: 58fa7520015eeab4e87c7daab53146ec,
        type: 3}
      propertyPath: m_RootOrder
      value: 0
      objectReference: {fileID: 0}
    - target: {fileID: 8425928302621161124, guid: 58fa7520015eeab4e87c7daab53146ec,
        type: 3}
      propertyPath: m_LocalScale.x
      value: 4
      objectReference: {fileID: 0}
    - target: {fileID: 8425928302621161124, guid: 58fa7520015eeab4e87c7daab53146ec,
        type: 3}
      propertyPath: m_LocalScale.y
      value: 4
      objectReference: {fileID: 0}
    - target: {fileID: 8425928302621161124, guid: 58fa7520015eeab4e87c7daab53146ec,
        type: 3}
      propertyPath: m_LocalScale.z
      value: 4
      objectReference: {fileID: 0}
    - target: {fileID: 8425928302621161124, guid: 58fa7520015eeab4e87c7daab53146ec,
        type: 3}
      propertyPath: m_LocalPosition.x
      value: 0
      objectReference: {fileID: 0}
    - target: {fileID: 8425928302621161124, guid: 58fa7520015eeab4e87c7daab53146ec,
        type: 3}
      propertyPath: m_LocalPosition.y
      value: 0
      objectReference: {fileID: 0}
    - target: {fileID: 8425928302621161124, guid: 58fa7520015eeab4e87c7daab53146ec,
        type: 3}
      propertyPath: m_LocalPosition.z
      value: 0
      objectReference: {fileID: 0}
    - target: {fileID: 8425928302621161124, guid: 58fa7520015eeab4e87c7daab53146ec,
        type: 3}
      propertyPath: m_LocalRotation.w
      value: 1
      objectReference: {fileID: 0}
    - target: {fileID: 8425928302621161124, guid: 58fa7520015eeab4e87c7daab53146ec,
        type: 3}
      propertyPath: m_LocalRotation.x
      value: 0
      objectReference: {fileID: 0}
    - target: {fileID: 8425928302621161124, guid: 58fa7520015eeab4e87c7daab53146ec,
        type: 3}
      propertyPath: m_LocalRotation.y
      value: 0
      objectReference: {fileID: 0}
    - target: {fileID: 8425928302621161124, guid: 58fa7520015eeab4e87c7daab53146ec,
        type: 3}
      propertyPath: m_LocalRotation.z
      value: 0
      objectReference: {fileID: 0}
    - target: {fileID: 8425928302621161124, guid: 58fa7520015eeab4e87c7daab53146ec,
        type: 3}
      propertyPath: m_LocalEulerAnglesHint.x
      value: 0
      objectReference: {fileID: 0}
    - target: {fileID: 8425928302621161124, guid: 58fa7520015eeab4e87c7daab53146ec,
        type: 3}
      propertyPath: m_LocalEulerAnglesHint.y
      value: 0
      objectReference: {fileID: 0}
    - target: {fileID: 8425928302621161124, guid: 58fa7520015eeab4e87c7daab53146ec,
        type: 3}
      propertyPath: m_LocalEulerAnglesHint.z
      value: 0
      objectReference: {fileID: 0}
    - target: {fileID: 8425928302621161124, guid: 58fa7520015eeab4e87c7daab53146ec,
        type: 3}
      propertyPath: m_ConstrainProportionsScale
      value: 1
      objectReference: {fileID: 0}
    m_RemovedComponents: []
  m_SourcePrefab: {fileID: 100100000, guid: 58fa7520015eeab4e87c7daab53146ec, type: 3}
--- !u!4 &3219179952458904198 stripped
Transform:
  m_CorrespondingSourceObject: {fileID: 8425928302621161124, guid: 58fa7520015eeab4e87c7daab53146ec,
    type: 3}
  m_PrefabInstance: {fileID: 6359709645841089570}
  m_PrefabAsset: {fileID: 0}
--- !u!1 &6813578067871057554 stripped
GameObject:
  m_CorrespondingSourceObject: {fileID: 489919417927533232, guid: 58fa7520015eeab4e87c7daab53146ec,
    type: 3}
  m_PrefabInstance: {fileID: 6359709645841089570}
  m_PrefabAsset: {fileID: 0}
