%YAML 1.1
%TAG !u! tag:unity3d.com,2011:
--- !u!1 &465796426068620586
GameObject:
  m_ObjectHideFlags: 0
  m_CorrespondingSourceObject: {fileID: 0}
  m_PrefabInstance: {fileID: 0}
  m_PrefabAsset: {fileID: 0}
  serializedVersion: 6
  m_Component:
  - component: {fileID: 3594824975346203253}
  m_Layer: 0
  m_Name: FEELS
  m_TagString: Untagged
  m_Icon: {fileID: 0}
  m_NavMeshLayer: 0
  m_StaticEditorFlags: 0
  m_IsActive: 1
--- !u!4 &3594824975346203253
Transform:
  m_ObjectHideFlags: 0
  m_CorrespondingSourceObject: {fileID: 0}
  m_PrefabInstance: {fileID: 0}
  m_PrefabAsset: {fileID: 0}
  m_GameObject: {fileID: 465796426068620586}
  m_LocalRotation: {x: -0, y: -0, z: -0, w: 1}
  m_LocalPosition: {x: 0, y: 0, z: 0}
  m_LocalScale: {x: 1, y: 1, z: 1}
  m_ConstrainProportionsScale: 0
  m_Children:
  - {fileID: 5027208224265671713}
  - {fileID: 7071779410576682850}
  m_Father: {fileID: 4732937086474744004}
  m_RootOrder: 1
  m_LocalEulerAnglesHint: {x: 0, y: 0, z: 0}
--- !u!1 &3499202060653098166
GameObject:
  m_ObjectHideFlags: 0
  m_CorrespondingSourceObject: {fileID: 0}
  m_PrefabInstance: {fileID: 0}
  m_PrefabAsset: {fileID: 0}
  serializedVersion: 6
  m_Component:
  - component: {fileID: 4732937086474744004}
  - component: {fileID: -6900120094467720216}
  m_Layer: 0
  m_Name: BlowFishAttract
  m_TagString: Untagged
  m_Icon: {fileID: 0}
  m_NavMeshLayer: 0
  m_StaticEditorFlags: 0
  m_IsActive: 1
--- !u!4 &4732937086474744004
Transform:
  m_ObjectHideFlags: 0
  m_CorrespondingSourceObject: {fileID: 0}
  m_PrefabInstance: {fileID: 0}
  m_PrefabAsset: {fileID: 0}
  m_GameObject: {fileID: 3499202060653098166}
  m_LocalRotation: {x: 0, y: 0, z: 0, w: 1}
  m_LocalPosition: {x: 0, y: 0, z: 0}
  m_LocalScale: {x: 1, y: 1, z: 1}
  m_ConstrainProportionsScale: 0
  m_Children:
  - {fileID: 247725652572282001}
  - {fileID: 3594824975346203253}
  m_Father: {fileID: 0}
  m_RootOrder: 0
  m_LocalEulerAnglesHint: {x: 0, y: 0, z: 0}
--- !u!114 &-6900120094467720216
MonoBehaviour:
  m_ObjectHideFlags: 0
  m_CorrespondingSourceObject: {fileID: 0}
  m_PrefabInstance: {fileID: 0}
  m_PrefabAsset: {fileID: 0}
  m_GameObject: {fileID: 3499202060653098166}
  m_Enabled: 1
  m_EditorHideFlags: 0
  m_Script: {fileID: 11500000, guid: 9ac1cfabe66c982448e63a3bd54a641f, type: 3}
  m_Name: 
  m_EditorClassIdentifier: 
  Data: {fileID: 11400000, guid: 232c55c6ae7b6654ea3fe53b63fcb800, type: 2}
  useFeels: 1
  <TargetFeelsContainer>k__BackingField: {fileID: 247725652572282001}
  loadFeels: {fileID: 2135201270137601436}
  useAbilityDuration: 1
  castFeels: {fileID: 5210308881525905733}
  isLocked: 0
  CurrentBehaviour: {fileID: 0}
  updateDirectionOnCast: 1
  baseCastEffect: {fileID: 0}
  waitForEndBehaviour: 1
--- !u!1 &7299053435433747915
GameObject:
  m_ObjectHideFlags: 0
  m_CorrespondingSourceObject: {fileID: 0}
  m_PrefabInstance: {fileID: 0}
  m_PrefabAsset: {fileID: 0}
  serializedVersion: 6
  m_Component:
  - component: {fileID: 5027208224265671713}
  - component: {fileID: 2135201270137601436}
  m_Layer: 0
  m_Name: Load
  m_TagString: Untagged
  m_Icon: {fileID: 0}
  m_NavMeshLayer: 0
  m_StaticEditorFlags: 0
  m_IsActive: 1
--- !u!4 &5027208224265671713
Transform:
  m_ObjectHideFlags: 0
  m_CorrespondingSourceObject: {fileID: 0}
  m_PrefabInstance: {fileID: 0}
  m_PrefabAsset: {fileID: 0}
  m_GameObject: {fileID: 7299053435433747915}
  m_LocalRotation: {x: -0, y: -0, z: -0, w: 1}
  m_LocalPosition: {x: 59.97, y: 16.7, z: 99.4}
  m_LocalScale: {x: 1, y: 1, z: 1}
  m_ConstrainProportionsScale: 0
  m_Children: []
  m_Father: {fileID: 3594824975346203253}
  m_RootOrder: 0
  m_LocalEulerAnglesHint: {x: 0, y: 0, z: 0}
--- !u!114 &2135201270137601436
MonoBehaviour:
  m_ObjectHideFlags: 0
  m_CorrespondingSourceObject: {fileID: 0}
  m_PrefabInstance: {fileID: 0}
  m_PrefabAsset: {fileID: 0}
  m_GameObject: {fileID: 7299053435433747915}
  m_Enabled: 1
  m_EditorHideFlags: 0
  m_Script: {fileID: 11500000, guid: 6da43522623d4704e979466dc7650b65, type: 3}
  m_Name: 
  m_EditorClassIdentifier: 
  Feedbacks:
  - {fileID: 0}
  InitializationMode: 1
  SafeMode: 3
  Direction: 0
  AutoChangeDirectionOnEnd: 0
  AutoPlayOnStart: 0
  AutoPlayOnEnable: 0
  ForceTimescaleMode: 0
  ForcedTimescaleMode: 1
  DurationMultiplier: 1
  RandomizeDuration: 0
  RandomDurationMultiplier: {x: 0.5, y: 1.5}
  DisplayFullDurationDetails: 0
  PlayerTimescaleMode: 1
  OnlyPlayIfWithinRange: 0
  RangeCenter: {fileID: 0}
  RangeDistance: 5
  UseRangeFalloff: 0
  RangeFalloff:
    serializedVersion: 2
    m_Curve:
    - serializedVersion: 3
      time: 0
      value: 1
      inSlope: 0
      outSlope: 0
      tangentMode: 0
      weightedMode: 0
      inWeight: 0
      outWeight: 0
    - serializedVersion: 3
      time: 1
      value: 0
      inSlope: 0
      outSlope: 0
      tangentMode: 0
      weightedMode: 0
      inWeight: 0
      outWeight: 0
    m_PreInfinity: 2
    m_PostInfinity: 2
    m_RotationOrder: 4
  RemapRangeFalloff: {x: 0, y: 1}
  IgnoreRangeEvents: 0
  CooldownDuration: 0
  InitialDelay: 0
  CanPlay: 1
  CanPlayWhileAlreadyPlaying: 1
  ChanceToPlay: 100
  FeedbacksIntensity: 1
  Events:
    TriggerMMFeedbacksEvents: 0
    TriggerUnityEvents: 1
    OnPlay:
      m_PersistentCalls:
        m_Calls: []
    OnPause:
      m_PersistentCalls:
        m_Calls: []
    OnResume:
      m_PersistentCalls:
        m_Calls: []
    OnRevert:
      m_PersistentCalls:
        m_Calls: []
    OnComplete:
      m_PersistentCalls:
        m_Calls: []
  DebugActive: 0
  FeedbacksList:
  - rid: 7539987220005650448
  - rid: 7539987220005650449
  KeepPlayModeChanges: 0
  PerformanceMode: 0
  ForceStopFeedbacksOnDisable: 1
  references:
    version: 2
    RefIds:
    - rid: 7539987220005650448
      type: {class: MMF_SquashAndStretch, ns: MoreMountains.Feedbacks, asm: MoreMountains.Feedbacks}
      data:
        Active: 1
        UniqueID: 1458649193
        Label: Squash and Stretch
        ChannelMode: 0
        Channel: 0
        MMChannelDefinition: {fileID: 0}
        Chance: 100
        DisplayColor: {r: 0, g: 0, b: 0, a: 1}
        Timing:
          TimescaleMode: 0
          ExcludeFromHoldingPauses: 0
          ContributeToTotalDuration: 1
          InitialDelay: 0
          CooldownDuration: 0
          InterruptsOnStop: 1
          NumberOfRepeats: 0
          RepeatForever: 0
          DelayBetweenRepeats: 1
          MMFeedbacksDirectionCondition: 0
          PlayDirection: 0
          ConstantIntensity: 0
          UseIntensityInterval: 0
          IntensityIntervalMin: 0
          IntensityIntervalMax: 0
          Sequence: {fileID: 0}
          TrackID: 0
          Quantized: 0
          TargetBPM: 120
        AutomatedTargetAcquisition:
          Mode: 0
          ChildIndex: 0
        RandomizeOutput: 0
        RandomMultiplier: {x: 0.8, y: 1}
        RandomizeDuration: 0
        RandomDurationMultiplier: {x: 0.5, y: 2}
        UseRange: 0
        RangeDistance: 5
        UseRangeFalloff: 0
        RangeFalloff:
          serializedVersion: 2
          m_Curve:
          - serializedVersion: 3
            time: 0
            value: 1
            inSlope: 0
            outSlope: 0
            tangentMode: 0
            weightedMode: 0
            inWeight: 0
            outWeight: 0
          - serializedVersion: 3
            time: 1
            value: 0
            inSlope: 0
            outSlope: 0
            tangentMode: 0
            weightedMode: 0
            inWeight: 0
            outWeight: 0
          m_PreInfinity: 2
          m_PostInfinity: 2
          m_RotationOrder: 4
        RemapRangeFalloff: {x: 0, y: 1}
        Owner: {fileID: 2135201270137601436}
        DebugActive: 0
        SquashAndStretchTarget: {fileID: 247725652572282001}
        Mode: 0
        Axis: 6
        AnimateScaleDuration: 0.2
        RemapCurveZero: 1
        RemapCurveOne: 0.75
        Offset: 0
        AnimateCurve:
          serializedVersion: 2
          m_Curve:
          - serializedVersion: 3
            time: 0
            value: 0
            inSlope: 0
            outSlope: 0
            tangentMode: 0
            weightedMode: 0
            inWeight: 0
            outWeight: 0
          - serializedVersion: 3
            time: 0.39674884
            value: 0.8018456
            inSlope: 1.1128614
            outSlope: 1.1128614
            tangentMode: 0
            weightedMode: 0
            inWeight: 0
            outWeight: 0.069297284
          - serializedVersion: 3
            time: 0.8501534
            value: 0.7957288
            inSlope: -0.7479245
            outSlope: -0.7479245
            tangentMode: 0
            weightedMode: 0
            inWeight: 0.08053519
            outWeight: 0.33333334
          - serializedVersion: 3
            time: 1
            value: 0
            inSlope: 0
            outSlope: 0
            tangentMode: 0
            weightedMode: 0
            inWeight: 0
            outWeight: 0
          m_PreInfinity: 2
          m_PostInfinity: 2
          m_RotationOrder: 4
        AllowAdditivePlays: 0
        DetermineScaleOnPlay: 0
        DestinationScale: 2
    - rid: 7539987220005650449
      type: {class: MMF_Scale, ns: MoreMountains.Feedbacks, asm: MoreMountains.Feedbacks}
      data:
        Active: 1
        UniqueID: -1183097162
        Label: Scale
        ChannelMode: 0
        Channel: 0
        MMChannelDefinition: {fileID: 0}
        Chance: 100
        DisplayColor: {r: 0, g: 0, b: 0, a: 1}
        Timing:
          TimescaleMode: 0
          ExcludeFromHoldingPauses: 0
          ContributeToTotalDuration: 1
          InitialDelay: 0
          CooldownDuration: 0
          InterruptsOnStop: 1
          NumberOfRepeats: 0
          RepeatForever: 0
          DelayBetweenRepeats: 1
          MMFeedbacksDirectionCondition: 0
          PlayDirection: 0
          ConstantIntensity: 0
          UseIntensityInterval: 0
          IntensityIntervalMin: 0
          IntensityIntervalMax: 0
          Sequence: {fileID: 0}
          TrackID: 0
          Quantized: 0
          TargetBPM: 120
        AutomatedTargetAcquisition:
          Mode: 0
          ChildIndex: 0
        RandomizeOutput: 0
        RandomMultiplier: {x: 0.8, y: 1}
        RandomizeDuration: 0
        RandomDurationMultiplier: {x: 0.5, y: 2}
        UseRange: 0
        RangeDistance: 5
        UseRangeFalloff: 0
        RangeFalloff:
          serializedVersion: 2
          m_Curve:
          - serializedVersion: 3
            time: 0
            value: 1
            inSlope: 0
            outSlope: 0
            tangentMode: 0
            weightedMode: 0
            inWeight: 0
            outWeight: 0
          - serializedVersion: 3
            time: 1
            value: 0
            inSlope: 0
            outSlope: 0
            tangentMode: 0
            weightedMode: 0
            inWeight: 0
            outWeight: 0
          m_PreInfinity: 2
          m_PostInfinity: 2
          m_RotationOrder: 4
        RemapRangeFalloff: {x: 0, y: 1}
        Owner: {fileID: 2135201270137601436}
        DebugActive: 0
        Mode: 0
        AnimateScaleTarget: {fileID: 247725652572282001}
        AnimateScaleDuration: 1
        RemapCurveZero: 1
        RemapCurveOne: 0.9
        Offset: 0
        AnimateX: 1
        AnimateScaleTweenX:
          MMTweenDefinitionType: 1
          MMTweenCurve: 4
          Curve:
            serializedVersion: 2
            m_Curve:
            - serializedVersion: 3
              time: 0
              value: 0
              inSlope: 0
              outSlope: 0
              tangentMode: 0
              weightedMode: 0
              inWeight: 0
              outWeight: 0
            - serializedVersion: 3
              time: 0.39674884
              value: 0.8018456
              inSlope: 1.1128614
              outSlope: 1.1128614
              tangentMode: 0
              weightedMode: 0
              inWeight: 0
              outWeight: 0.069297284
            - serializedVersion: 3
              time: 0.8501534
              value: 0.7957288
              inSlope: -0.7479245
              outSlope: -0.7479245
              tangentMode: 0
              weightedMode: 0
              inWeight: 0.08053519
              outWeight: 0.33333334
            - serializedVersion: 3
              time: 1
              value: 0
              inSlope: 0
              outSlope: 0
              tangentMode: 0
              weightedMode: 0
              inWeight: 0
              outWeight: 0
            m_PreInfinity: 2
            m_PostInfinity: 2
            m_RotationOrder: 4
          Initialized: 0
        AnimateY: 1
        AnimateScaleTweenY:
          MMTweenDefinitionType: 1
          MMTweenCurve: 4
          Curve:
            serializedVersion: 2
            m_Curve:
            - serializedVersion: 3
              time: 0
              value: 0
              inSlope: 0
              outSlope: 0
              tangentMode: 0
              weightedMode: 0
              inWeight: 0
              outWeight: 0
            - serializedVersion: 3
              time: 0.39674884
              value: 0.8018456
              inSlope: 1.1128614
              outSlope: 1.1128614
              tangentMode: 0
              weightedMode: 0
              inWeight: 0
              outWeight: 0.069297284
            - serializedVersion: 3
              time: 0.8501534
              value: 0.7957288
              inSlope: -0.7479245
              outSlope: -0.7479245
              tangentMode: 0
              weightedMode: 0
              inWeight: 0.08053519
              outWeight: 0.33333334
            - serializedVersion: 3
              time: 1
              value: 0
              inSlope: 0
              outSlope: 0
              tangentMode: 0
              weightedMode: 0
              inWeight: 0
              outWeight: 0
            m_PreInfinity: 2
            m_PostInfinity: 2
            m_RotationOrder: 4
          Initialized: 0
        AnimateZ: 1
        AnimateScaleTweenZ:
          MMTweenDefinitionType: 1
          MMTweenCurve: 4
          Curve:
            serializedVersion: 2
            m_Curve:
            - serializedVersion: 3
              time: 0
              value: 0
              inSlope: 0
              outSlope: 0
              tangentMode: 0
              weightedMode: 0
              inWeight: 0
              outWeight: 0
            - serializedVersion: 3
              time: 0.39674884
              value: 0.8018456
              inSlope: 1.1128614
              outSlope: 1.1128614
              tangentMode: 0
              weightedMode: 0
              inWeight: 0
              outWeight: 0.069297284
            - serializedVersion: 3
              time: 0.8501534
              value: 0.7957288
              inSlope: -0.7479245
              outSlope: -0.7479245
              tangentMode: 0
              weightedMode: 0
              inWeight: 0.08053519
              outWeight: 0.33333334
            - serializedVersion: 3
              time: 1
              value: 0
              inSlope: 0
              outSlope: 0
              tangentMode: 0
              weightedMode: 0
              inWeight: 0
              outWeight: 0
            m_PreInfinity: 2
            m_PostInfinity: 2
            m_RotationOrder: 4
          Initialized: 0
        UniformScaling: 0
        AllowAdditivePlays: 0
        DetermineScaleOnPlay: 0
        DestinationScale: {x: 0.5, y: 0.5, z: 0.5}
        AnimateScaleX:
          serializedVersion: 2
          m_Curve: []
          m_PreInfinity: 2
          m_PostInfinity: 2
          m_RotationOrder: 4
        AnimateScaleY:
          serializedVersion: 2
          m_Curve: []
          m_PreInfinity: 2
          m_PostInfinity: 2
          m_RotationOrder: 4
        AnimateScaleZ:
          serializedVersion: 2
          m_Curve: []
          m_PreInfinity: 2
          m_PostInfinity: 2
          m_RotationOrder: 4
--- !u!1 &7672562259876875723
GameObject:
  m_ObjectHideFlags: 0
  m_CorrespondingSourceObject: {fileID: 0}
  m_PrefabInstance: {fileID: 0}
  m_PrefabAsset: {fileID: 0}
  serializedVersion: 6
  m_Component:
  - component: {fileID: 7071779410576682850}
  - component: {fileID: 5210308881525905733}
  m_Layer: 0
  m_Name: Cast
  m_TagString: Untagged
  m_Icon: {fileID: 0}
  m_NavMeshLayer: 0
  m_StaticEditorFlags: 0
  m_IsActive: 1
--- !u!4 &7071779410576682850
Transform:
  m_ObjectHideFlags: 0
  m_CorrespondingSourceObject: {fileID: 0}
  m_PrefabInstance: {fileID: 0}
  m_PrefabAsset: {fileID: 0}
  m_GameObject: {fileID: 7672562259876875723}
  m_LocalRotation: {x: -0, y: -0, z: -0, w: 1}
  m_LocalPosition: {x: 59.97, y: 16.7, z: 99.4}
  m_LocalScale: {x: 1, y: 1, z: 1}
  m_ConstrainProportionsScale: 0
  m_Children: []
  m_Father: {fileID: 3594824975346203253}
  m_RootOrder: 1
  m_LocalEulerAnglesHint: {x: 0, y: 0, z: 0}
--- !u!114 &5210308881525905733
MonoBehaviour:
  m_ObjectHideFlags: 0
  m_CorrespondingSourceObject: {fileID: 0}
  m_PrefabInstance: {fileID: 0}
  m_PrefabAsset: {fileID: 0}
  m_GameObject: {fileID: 7672562259876875723}
  m_Enabled: 1
  m_EditorHideFlags: 0
  m_Script: {fileID: 11500000, guid: 6da43522623d4704e979466dc7650b65, type: 3}
  m_Name: 
  m_EditorClassIdentifier: 
  Feedbacks:
  - {fileID: 0}
  InitializationMode: 1
  SafeMode: 3
  Direction: 0
  AutoChangeDirectionOnEnd: 0
  AutoPlayOnStart: 0
  AutoPlayOnEnable: 0
  ForceTimescaleMode: 0
  ForcedTimescaleMode: 1
  DurationMultiplier: 1
  RandomizeDuration: 0
  RandomDurationMultiplier: {x: 0.5, y: 1.5}
  DisplayFullDurationDetails: 0
  PlayerTimescaleMode: 1
  OnlyPlayIfWithinRange: 0
  RangeCenter: {fileID: 0}
  RangeDistance: 5
  UseRangeFalloff: 0
  RangeFalloff:
    serializedVersion: 2
    m_Curve:
    - serializedVersion: 3
      time: 0
      value: 1
      inSlope: 0
      outSlope: 0
      tangentMode: 0
      weightedMode: 0
      inWeight: 0
      outWeight: 0
    - serializedVersion: 3
      time: 1
      value: 0
      inSlope: 0
      outSlope: 0
      tangentMode: 0
      weightedMode: 0
      inWeight: 0
      outWeight: 0
    m_PreInfinity: 2
    m_PostInfinity: 2
    m_RotationOrder: 4
  RemapRangeFalloff: {x: 0, y: 1}
  IgnoreRangeEvents: 0
  CooldownDuration: 0
  InitialDelay: 0
  CanPlay: 1
  CanPlayWhileAlreadyPlaying: 1
  ChanceToPlay: 100
  FeedbacksIntensity: 1
  Events:
    TriggerMMFeedbacksEvents: 0
    TriggerUnityEvents: 1
    OnPlay:
      m_PersistentCalls:
        m_Calls: []
    OnPause:
      m_PersistentCalls:
        m_Calls: []
    OnResume:
      m_PersistentCalls:
        m_Calls: []
    OnRevert:
      m_PersistentCalls:
        m_Calls: []
    OnComplete:
      m_PersistentCalls:
        m_Calls: []
  DebugActive: 0
  FeedbacksList:
  - rid: 7539987220005650446
  KeepPlayModeChanges: 0
  PerformanceMode: 0
  ForceStopFeedbacksOnDisable: 1
  references:
    version: 2
    RefIds:
    - rid: 7539987220005650446
      type: {class: MMF_Scale, ns: MoreMountains.Feedbacks, asm: MoreMountains.Feedbacks}
      data:
        Active: 1
        UniqueID: 1417393558
        Label: Scale
        ChannelMode: 0
        Channel: 0
        MMChannelDefinition: {fileID: 0}
        Chance: 100
        DisplayColor: {r: 0, g: 0, b: 0, a: 1}
        Timing:
          TimescaleMode: 0
          ExcludeFromHoldingPauses: 0
          ContributeToTotalDuration: 1
          InitialDelay: 0
          CooldownDuration: 0
          InterruptsOnStop: 1
          NumberOfRepeats: 0
          RepeatForever: 0
          DelayBetweenRepeats: 1
          MMFeedbacksDirectionCondition: 0
          PlayDirection: 0
          ConstantIntensity: 0
          UseIntensityInterval: 0
          IntensityIntervalMin: 0
          IntensityIntervalMax: 0
          Sequence: {fileID: 0}
          TrackID: 0
          Quantized: 0
          TargetBPM: 120
        AutomatedTargetAcquisition:
          Mode: 0
          ChildIndex: 0
        RandomizeOutput: 0
        RandomMultiplier: {x: 0.8, y: 1}
        RandomizeDuration: 0
        RandomDurationMultiplier: {x: 0.5, y: 2}
        UseRange: 0
        RangeDistance: 5
        UseRangeFalloff: 0
        RangeFalloff:
          serializedVersion: 2
          m_Curve:
          - serializedVersion: 3
            time: 0
            value: 1
            inSlope: 0
            outSlope: 0
            tangentMode: 0
            weightedMode: 0
            inWeight: 0
            outWeight: 0
          - serializedVersion: 3
            time: 1
            value: 0
            inSlope: 0
            outSlope: 0
            tangentMode: 0
            weightedMode: 0
            inWeight: 0
            outWeight: 0
          m_PreInfinity: 2
          m_PostInfinity: 2
          m_RotationOrder: 4
        RemapRangeFalloff: {x: 0, y: 1}
        Owner: {fileID: 5210308881525905733}
        DebugActive: 0
        Mode: 0
        AnimateScaleTarget: {fileID: 247725652572282001}
        AnimateScaleDuration: 1
        RemapCurveZero: 1
        RemapCurveOne: 2.2
        Offset: 0
        AnimateX: 1
        AnimateScaleTweenX:
          MMTweenDefinitionType: 1
          MMTweenCurve: 4
          Curve:
            serializedVersion: 2
            m_Curve:
            - serializedVersion: 3
              time: 0.004432639
              value: 0
              inSlope: 0
              outSlope: 0
              tangentMode: 0
              weightedMode: 0
              inWeight: 0
              outWeight: 0
            - serializedVersion: 3
              time: 0.7978046
              value: 0.9602932
              inSlope: 0.21507223
              outSlope: 0.21507223
              tangentMode: 0
              weightedMode: 0
              inWeight: 0.33333334
              outWeight: 0.1455013
            - serializedVersion: 3
              time: 0.8633174
              value: 0.9710056
              inSlope: -0.16111015
              outSlope: -0.16111015
              tangentMode: 0
              weightedMode: 0
              inWeight: 0.05170942
              outWeight: 0.33333334
            - serializedVersion: 3
              time: 0.9996762
              value: 0
              inSlope: 0
              outSlope: 0
              tangentMode: 0
              weightedMode: 0
              inWeight: 0
              outWeight: 0
            m_PreInfinity: 2
            m_PostInfinity: 2
            m_RotationOrder: 4
          Initialized: 0
        AnimateY: 1
        AnimateScaleTweenY:
          MMTweenDefinitionType: 1
          MMTweenCurve: 4
          Curve:
            serializedVersion: 2
            m_Curve:
            - serializedVersion: 3
              time: 0.004432639
              value: 0
              inSlope: 0
              outSlope: 0
              tangentMode: 0
              weightedMode: 0
              inWeight: 0
              outWeight: 0
            - serializedVersion: 3
              time: 0.78396237
              value: 0.9635947
              inSlope: 0.21507223
              outSlope: 0.21507223
              tangentMode: 0
              weightedMode: 0
              inWeight: 0.33333334
              outWeight: 0.1455013
            - serializedVersion: 3
              time: 0.8927414
              value: 0.9745244
              inSlope: -0.16111015
              outSlope: -0.16111015
              tangentMode: 0
              weightedMode: 0
              inWeight: 0.05170942
              outWeight: 0.33333334
            - serializedVersion: 3
              time: 0.9996762
              value: 0
              inSlope: 0
              outSlope: 0
              tangentMode: 0
              weightedMode: 0
              inWeight: 0
              outWeight: 0
            m_PreInfinity: 2
            m_PostInfinity: 2
            m_RotationOrder: 4
          Initialized: 0
        AnimateZ: 1
        AnimateScaleTweenZ:
          MMTweenDefinitionType: 1
          MMTweenCurve: 4
          Curve:
            serializedVersion: 2
            m_Curve:
            - serializedVersion: 3
              time: 0.004432639
              value: 0
              inSlope: 0
              outSlope: 0
              tangentMode: 0
              weightedMode: 0
              inWeight: 0
              outWeight: 0
            - serializedVersion: 3
              time: 0.7926166
              value: 0.51262087
              inSlope: 0.18099676
              outSlope: 0.18099676
              tangentMode: 0
              weightedMode: 0
              inWeight: 0.33333334
              outWeight: 0.10254047
            - serializedVersion: 3
              time: 0.90031385
              value: 0.5195994
              inSlope: -0.16111015
              outSlope: -0.16111015
              tangentMode: 0
              weightedMode: 0
              inWeight: 0.05170942
              outWeight: 0.33333334
            - serializedVersion: 3
              time: 0.9996762
              value: 0
              inSlope: 0
              outSlope: 0
              tangentMode: 0
              weightedMode: 0
              inWeight: 0
              outWeight: 0
            m_PreInfinity: 2
            m_PostInfinity: 2
            m_RotationOrder: 4
          Initialized: 0
        UniformScaling: 0
        AllowAdditivePlays: 0
        DetermineScaleOnPlay: 0
        DestinationScale: {x: 0.5, y: 0.5, z: 0.5}
        AnimateScaleX:
          serializedVersion: 2
          m_Curve: []
          m_PreInfinity: 2
          m_PostInfinity: 2
          m_RotationOrder: 4
        AnimateScaleY:
          serializedVersion: 2
          m_Curve: []
          m_PreInfinity: 2
          m_PostInfinity: 2
          m_RotationOrder: 4
        AnimateScaleZ:
          serializedVersion: 2
          m_Curve: []
          m_PreInfinity: 2
          m_PostInfinity: 2
          m_RotationOrder: 4
--- !u!1 &8458032028803365410
GameObject:
  m_ObjectHideFlags: 0
  m_CorrespondingSourceObject: {fileID: 0}
  m_PrefabInstance: {fileID: 0}
  m_PrefabAsset: {fileID: 0}
  serializedVersion: 6
  m_Component:
  - component: {fileID: 247725652572282001}
  - component: {fileID: 5871073049365458866}
  m_Layer: 0
  m_Name: TargetFeels
  m_TagString: Untagged
  m_Icon: {fileID: 0}
  m_NavMeshLayer: 0
  m_StaticEditorFlags: 0
  m_IsActive: 1
--- !u!4 &247725652572282001
Transform:
  m_ObjectHideFlags: 0
  m_CorrespondingSourceObject: {fileID: 0}
  m_PrefabInstance: {fileID: 0}
  m_PrefabAsset: {fileID: 0}
  m_GameObject: {fileID: 8458032028803365410}
  m_LocalRotation: {x: -0, y: -0, z: -0, w: 1}
  m_LocalPosition: {x: 0, y: 0, z: 0}
  m_LocalScale: {x: 1, y: 1, z: 1}
  m_ConstrainProportionsScale: 0
  m_Children: []
  m_Father: {fileID: 4732937086474744004}
  m_RootOrder: 0
  m_LocalEulerAnglesHint: {x: 0, y: 0, z: 0}
--- !u!114 &5871073049365458866
MonoBehaviour:
  m_ObjectHideFlags: 0
  m_CorrespondingSourceObject: {fileID: 0}
  m_PrefabInstance: {fileID: 0}
  m_PrefabAsset: {fileID: 0}
  m_GameObject: {fileID: 8458032028803365410}
  m_Enabled: 1
  m_EditorHideFlags: 0
  m_Script: {fileID: 11500000, guid: f0a82a086afdc494db67a8b50f091d1e, type: 3}
  m_Name: 
  m_EditorClassIdentifier: 
  ChannelMode: 0
  Channel: 0
  MMChannelDefinition: {fileID: 0}
  ShakeDuration: 0.5
  PlayOnAwake: 0
  PermanentShake: 0
  Interruptible: 1
  AlwaysResetTargetValuesAfterShake: 0
  CooldownBetweenShakes: 0
  Shaking: 0
  ForwardDirection: 1
  TimescaleMode: 0
  Mode: 0
  TargetTransform: {fileID: 247725652572282001}
  TargetRectTransform: {fileID: 0}
  ShakeSpeed: 20
  ShakeRange: 0.5
  OscillationOffset: 0
  ShakeMainDirection: {x: 0, y: 1, z: 0}
  RandomizeDirection: 0
  ShakeAltDirection: {x: 0, y: 1, z: 0}
  RandomizeDirectionOnPlay: 0
  AddDirectionalNoise: 1
  DirectionalNoiseStrengthMin: {x: 0.25, y: 0.25, z: 0.25}
  DirectionalNoiseStrengthMax: {x: 0.25, y: 0.25, z: 0.25}
  RandomnessSeed: {x: 0, y: 0, z: 0}
  RandomizeSeedOnShake: 1
  UseAttenuation: 1
  AttenuationCurve:
    serializedVersion: 2
    m_Curve:
    - serializedVersion: 3
      time: 0
      value: 0
      inSlope: 0
      outSlope: 0
      tangentMode: 0
      weightedMode: 0
      inWeight: 0
      outWeight: 0
    - serializedVersion: 3
      time: 0.5
      value: 1
      inSlope: 0
      outSlope: 0
      tangentMode: 0
      weightedMode: 0
      inWeight: 0
      outWeight: 0
    - serializedVersion: 3
      time: 1
      value: 0
      inSlope: 0
      outSlope: 0
      tangentMode: 0
      weightedMode: 0
      inWeight: 0
      outWeight: 0
    m_PreInfinity: 2
    m_PostInfinity: 2
    m_RotationOrder: 4
  StartShakingButton: 0
