%YAML 1.1
%TAG !u! tag:unity3d.com,2011:
--- !u!1 &4581460371660707591
GameObject:
  m_ObjectHideFlags: 0
  m_CorrespondingSourceObject: {fileID: 0}
  m_PrefabInstance: {fileID: 0}
  m_PrefabAsset: {fileID: 0}
  serializedVersion: 6
  m_Component:
  - component: {fileID: 4581460371660707590}
  - component: {fileID: 4581460371660707585}
  m_Layer: 0
  m_Name: Routh-Flock-Damisela
  m_TagString: Untagged
  m_Icon: {fileID: 0}
  m_NavMeshLayer: 0
  m_StaticEditorFlags: 0
  m_IsActive: 1
--- !u!4 &4581460371660707590
Transform:
  m_ObjectHideFlags: 0
  m_CorrespondingSourceObject: {fileID: 0}
  m_PrefabInstance: {fileID: 0}
  m_PrefabAsset: {fileID: 0}
  m_GameObject: {fileID: 4581460371660707591}
  m_LocalRotation: {x: -0, y: -0, z: -0, w: 1}
  m_LocalPosition: {x: 0, y: 0, z: 0}
  m_LocalScale: {x: 1, y: 1, z: 1}
  m_ConstrainProportionsScale: 0
  m_Children: []
  m_Father: {fileID: 4581460372846702097}
  m_RootOrder: 1
  m_LocalEulerAnglesHint: {x: 0, y: 0, z: 0}
--- !u!114 &4581460371660707585
MonoBehaviour:
  m_ObjectHideFlags: 0
  m_CorrespondingSourceObject: {fileID: 0}
  m_PrefabInstance: {fileID: 0}
  m_PrefabAsset: {fileID: 0}
  m_GameObject: {fileID: 4581460371660707591}
  m_Enabled: 1
  m_EditorHideFlags: 0
  m_Script: {fileID: 11500000, guid: 8e5ac92bc18f545cc84cd886ece82b4d, type: 3}
  m_Name: 
  m_EditorClassIdentifier: 
  editorData:
    _bezierPath:
      points:
      - {x: 5.8022346, y: 33.26445, z: 0}
      - {x: 44.84374, y: 45.778988, z: 0}
      - {x: 91.04857, y: -10.851631, z: 0}
      - {x: 80.62132, y: -29.25618, z: 0}
      - {x: 66.722885, y: -53.78755, z: 0}
      - {x: -43.26785, y: -135.01108, z: 0}
      - {x: -63.02467, y: -116.70003, z: 0}
      - {x: -88.701126, y: -92.90254, z: 0}
      - {x: 14.757862, y: 77.05034, z: 0}
      - {x: 18.55193, y: 104.230515, z: 0}
      - {x: 19.108753, y: 108.21953, z: 0}
      - {x: 21.464893, y: 120.996506, z: 0}
      - {x: 16.185963, y: 119.18962, z: 0}
      - {x: -14.704418, y: 108.61638, z: 0}
      - {x: -76.192154, y: -29.916458, z: 0}
      - {x: -81.41994, y: -30.464188, z: 0}
      - {x: -89.063, y: -31.264969, z: 0}
      - {x: -31.912182, y: 35.291306, z: 0}
      - {x: 2.0548592, y: 80.76518, z: 0}
      - {x: 25.895306, y: 112.68193, z: 0}
      - {x: -48.863964, y: 15.741501, z: 0}
      isClosed: 1
      space: 1
      controlMode: 0
      autoControlLength: 0.3
      boundsUpToDate: 0
      bounds:
        m_Center: {x: -47.86766, y: 3.622324, z: -87.89617}
        m_Extent: {x: 82.11534, y: 42.160202, z: 119.36355}
      perAnchorNormalsAngle:
      - 0
      - 0
      - 0
      - 0
      - 0
      - 0
      - 0
      globalNormalsAngle: 0
      flipNormals: 0
    vertexPathUpToDate: 1
    vertexPathMaxAngleError: 0.3
    vertexPathMinVertexSpacing: 0.01
    showTransformTool: 1
    showPathBounds: 0
    showPerSegmentBounds: 0
    displayAnchorPoints: 1
    displayControlPoints: 1
    bezierHandleScale: 50
    globalDisplaySettingsFoldout: 0
    keepConstantHandleSize: 0
    showNormalsInVertexMode: 0
    showBezierPathInVertexMode: 0
    showDisplayOptions: 1
    showPathOptions: 1
    showVertexPathDisplayOptions: 1
    showVertexPathOptions: 1
    showNormals: 1
    showNormalsHelpInfo: 0
    tabIndex: 0
  initialized: 1
--- !u!1 &4581460372846702102
GameObject:
  m_ObjectHideFlags: 0
  m_CorrespondingSourceObject: {fileID: 0}
  m_PrefabInstance: {fileID: 0}
  m_PrefabAsset: {fileID: 0}
  serializedVersion: 6
  m_Component:
  - component: {fileID: 4581460372846702097}
  m_Layer: 0
  m_Name: Path-Flock-Damisela
  m_TagString: Untagged
  m_Icon: {fileID: 0}
  m_NavMeshLayer: 0
  m_StaticEditorFlags: 0
  m_IsActive: 1
--- !u!4 &4581460372846702097
Transform:
  m_ObjectHideFlags: 0
  m_CorrespondingSourceObject: {fileID: 0}
  m_PrefabInstance: {fileID: 0}
  m_PrefabAsset: {fileID: 0}
  m_GameObject: {fileID: 4581460372846702102}
  m_LocalRotation: {x: 0, y: 0, z: 0, w: 1}
  m_LocalPosition: {x: 29, y: 23.1, z: 0}
  m_LocalScale: {x: 1, y: 1, z: 1}
  m_ConstrainProportionsScale: 0
  m_Children:
  - {fileID: 9158392183830604901}
  - {fileID: 4581460371660707590}
  m_Father: {fileID: 0}
  m_RootOrder: 0
  m_LocalEulerAnglesHint: {x: 0, y: 0, z: 0}
--- !u!1001 &4581460370934830086
PrefabInstance:
  m_ObjectHideFlags: 0
  serializedVersion: 2
  m_Modification:
    m_TransformParent: {fileID: 4581460372846702097}
    m_Modifications:
    - target: {fileID: 4651577150501451868, guid: 41ea04340b670f1439970751fcc8b894,
        type: 3}
      propertyPath: m_Name
      value: Flock-Damisela
      objectReference: {fileID: 0}
    - target: {fileID: 4651577150501451868, guid: 41ea04340b670f1439970751fcc8b894,
        type: 3}
      propertyPath: m_IsActive
      value: 1
      objectReference: {fileID: 0}
    - target: {fileID: 4651577150501451874, guid: 41ea04340b670f1439970751fcc8b894,
        type: 3}
      propertyPath: maxSpeed
      value: 5.97
      objectReference: {fileID: 0}
    - target: {fileID: 4651577150501451874, guid: 41ea04340b670f1439970751fcc8b894,
        type: 3}
      propertyPath: minSpeed
      value: 2.6
      objectReference: {fileID: 0}
    - target: {fileID: 4651577150501451874, guid: 41ea04340b670f1439970751fcc8b894,
        type: 3}
      propertyPath: drawGuide
      value: 1
      objectReference: {fileID: 0}
    - target: {fileID: 4651577150501451874, guid: 41ea04340b670f1439970751fcc8b894,
        type: 3}
      propertyPath: limitWeight
      value: 7.32
      objectReference: {fileID: 0}
    - target: {fileID: 4651577150501451874, guid: 41ea04340b670f1439970751fcc8b894,
        type: 3}
      propertyPath: limitDistance
      value: 27.1
      objectReference: {fileID: 0}
    - target: {fileID: 4651577150501451874, guid: 41ea04340b670f1439970751fcc8b894,
        type: 3}
      propertyPath: cohesionWeight
      value: 2.53
      objectReference: {fileID: 0}
    - target: {fileID: 4651577150501451874, guid: 41ea04340b670f1439970751fcc8b894,
        type: 3}
      propertyPath: aligementWeight
      value: 0.17
      objectReference: {fileID: 0}
    - target: {fileID: 4651577150501451874, guid: 41ea04340b670f1439970751fcc8b894,
        type: 3}
      propertyPath: avoidanceWeight
      value: 3.64
      objectReference: {fileID: 0}
    - target: {fileID: 4651577150501451874, guid: 41ea04340b670f1439970751fcc8b894,
        type: 3}
      propertyPath: cohesionDistance
      value: 6.75
      objectReference: {fileID: 0}
    - target: {fileID: 4651577150501451874, guid: 41ea04340b670f1439970751fcc8b894,
        type: 3}
      propertyPath: aligementDistance
      value: 9.5
      objectReference: {fileID: 0}
    - target: {fileID: 4651577150501451874, guid: 41ea04340b670f1439970751fcc8b894,
        type: 3}
      propertyPath: avoidanceDistance
      value: 2.52
      objectReference: {fileID: 0}
    - target: {fileID: 4651577150501451874, guid: 41ea04340b670f1439970751fcc8b894,
        type: 3}
      propertyPath: <FishAmount>k__BackingField
      value: 98
      objectReference: {fileID: 0}
    - target: {fileID: 4651577150501451875, guid: 41ea04340b670f1439970751fcc8b894,
        type: 3}
      propertyPath: m_RootOrder
      value: 0
      objectReference: {fileID: 0}
    - target: {fileID: 4651577150501451875, guid: 41ea04340b670f1439970751fcc8b894,
        type: 3}
      propertyPath: m_LocalPosition.x
      value: -17.374393
      objectReference: {fileID: 0}
    - target: {fileID: 4651577150501451875, guid: 41ea04340b670f1439970751fcc8b894,
        type: 3}
      propertyPath: m_LocalPosition.y
      value: -106.18803
      objectReference: {fileID: 0}
    - target: {fileID: 4651577150501451875, guid: 41ea04340b670f1439970751fcc8b894,
        type: 3}
      propertyPath: m_LocalPosition.z
      value: 0
      objectReference: {fileID: 0}
    - target: {fileID: 4651577150501451875, guid: 41ea04340b670f1439970751fcc8b894,
        type: 3}
      propertyPath: m_LocalRotation.w
      value: 0.68590546
      objectReference: {fileID: 0}
    - target: {fileID: 4651577150501451875, guid: 41ea04340b670f1439970751fcc8b894,
        type: 3}
      propertyPath: m_LocalRotation.x
      value: 0.17185403
      objectReference: {fileID: 0}
    - target: {fileID: 4651577150501451875, guid: 41ea04340b670f1439970751fcc8b894,
        type: 3}
      propertyPath: m_LocalRotation.y
      value: -0.6859054
      objectReference: {fileID: 0}
    - target: {fileID: 4651577150501451875, guid: 41ea04340b670f1439970751fcc8b894,
        type: 3}
      propertyPath: m_LocalRotation.z
      value: 0.17185403
      objectReference: {fileID: 0}
    - target: {fileID: 4651577150501451875, guid: 41ea04340b670f1439970751fcc8b894,
        type: 3}
      propertyPath: m_LocalEulerAnglesHint.x
      value: 0
      objectReference: {fileID: 0}
    - target: {fileID: 4651577150501451875, guid: 41ea04340b670f1439970751fcc8b894,
        type: 3}
      propertyPath: m_LocalEulerAnglesHint.y
      value: 0
      objectReference: {fileID: 0}
    - target: {fileID: 4651577150501451875, guid: 41ea04340b670f1439970751fcc8b894,
        type: 3}
      propertyPath: m_LocalEulerAnglesHint.z
      value: 0
      objectReference: {fileID: 0}
    m_RemovedComponents: []
  m_SourcePrefab: {fileID: 100100000, guid: 41ea04340b670f1439970751fcc8b894, type: 3}
--- !u!1 &9158392183830604890 stripped
GameObject:
  m_CorrespondingSourceObject: {fileID: 4651577150501451868, guid: 41ea04340b670f1439970751fcc8b894,
    type: 3}
  m_PrefabInstance: {fileID: 4581460370934830086}
  m_PrefabAsset: {fileID: 0}
--- !u!114 &4581460372655846945
MonoBehaviour:
  m_ObjectHideFlags: 0
  m_CorrespondingSourceObject: {fileID: 0}
  m_PrefabInstance: {fileID: 0}
  m_PrefabAsset: {fileID: 0}
  m_GameObject: {fileID: 9158392183830604890}
  m_Enabled: 1
  m_EditorHideFlags: 0
  m_Script: {fileID: 11500000, guid: 67d7c925bc60fa64989d232e46b431da, type: 3}
  m_Name: 
  m_EditorClassIdentifier: 
  Route: {fileID: 4581460371660707585}
  Velocity: 3
  direction: 0
  useGuide: 1
  GuideDistanceTraveled: 236.94
--- !u!4 &9158392183830604901 stripped
Transform:
  m_CorrespondingSourceObject: {fileID: 4651577150501451875, guid: 41ea04340b670f1439970751fcc8b894,
    type: 3}
  m_PrefabInstance: {fileID: 4581460370934830086}
  m_PrefabAsset: {fileID: 0}
