%YAML 1.1
%TAG !u! tag:unity3d.com,2011:
--- !u!1 &3490505966945713423
GameObject:
  m_ObjectHideFlags: 0
  m_CorrespondingSourceObject: {fileID: 0}
  m_PrefabInstance: {fileID: 0}
  m_PrefabAsset: {fileID: 0}
  serializedVersion: 6
  m_Component:
  - component: {fileID: 6876836472357619071}
  - component: {fileID: 2247403208545788387}
  - component: {fileID: 4379804949778084862}
  m_Layer: 5
  m_Name: Image
  m_TagString: Untagged
  m_Icon: {fileID: 0}
  m_NavMeshLayer: 0
  m_StaticEditorFlags: 0
  m_IsActive: 0
--- !u!224 &6876836472357619071
RectTransform:
  m_ObjectHideFlags: 0
  m_CorrespondingSourceObject: {fileID: 0}
  m_PrefabInstance: {fileID: 0}
  m_PrefabAsset: {fileID: 0}
  m_GameObject: {fileID: 3490505966945713423}
  m_LocalRotation: {x: 0, y: 0, z: 0, w: 1}
  m_LocalPosition: {x: 0, y: 0, z: 0}
  m_LocalScale: {x: 1.5611833, y: 1.5611833, z: 1.5611833}
  m_ConstrainProportionsScale: 0
  m_Children: []
  m_Father: {fileID: 4018548037028463850}
  m_RootOrder: 0
  m_LocalEulerAnglesHint: {x: 0, y: 0, z: 0}
  m_AnchorMin: {x: 0.5, y: 0.5}
  m_AnchorMax: {x: 0.5, y: 0.5}
  m_AnchoredPosition: {x: -1744, y: 890}
  m_SizeDelta: {x: 2496, y: 1404}
  m_Pivot: {x: 0.5, y: 0.5}
--- !u!222 &2247403208545788387
CanvasRenderer:
  m_ObjectHideFlags: 0
  m_CorrespondingSourceObject: {fileID: 0}
  m_PrefabInstance: {fileID: 0}
  m_PrefabAsset: {fileID: 0}
  m_GameObject: {fileID: 3490505966945713423}
  m_CullTransparentMesh: 1
--- !u!114 &4379804949778084862
MonoBehaviour:
  m_ObjectHideFlags: 0
  m_CorrespondingSourceObject: {fileID: 0}
  m_PrefabInstance: {fileID: 0}
  m_PrefabAsset: {fileID: 0}
  m_GameObject: {fileID: 3490505966945713423}
  m_Enabled: 1
  m_EditorHideFlags: 0
  m_Script: {fileID: 11500000, guid: fe87c0e1cc204ed48ad3b37840f39efc, type: 3}
  m_Name: 
  m_EditorClassIdentifier: 
  m_Material: {fileID: 0}
  m_Color: {r: 1, g: 1, b: 1, a: 1}
  m_RaycastTarget: 1
  m_RaycastPadding: {x: 0, y: 0, z: 0, w: 0}
  m_Maskable: 1
  m_OnCullStateChanged:
    m_PersistentCalls:
      m_Calls: []
  m_Sprite: {fileID: 21300000, guid: 859badb5ccb324f46b77001e10b26bad, type: 3}
  m_Type: 0
  m_PreserveAspect: 0
  m_FillCenter: 1
  m_FillMethod: 4
  m_FillAmount: 1
  m_FillClockwise: 1
  m_FillOrigin: 0
  m_UseSpriteMesh: 0
  m_PixelsPerUnitMultiplier: 1
--- !u!1 &8477059856267408821
GameObject:
  m_ObjectHideFlags: 0
  m_CorrespondingSourceObject: {fileID: 0}
  m_PrefabInstance: {fileID: 0}
  m_PrefabAsset: {fileID: 0}
  serializedVersion: 6
  m_Component:
  - component: {fileID: 4018548037028463850}
  m_Layer: 5
  m_Name: AbilitiesPanel
  m_TagString: Untagged
  m_Icon: {fileID: 0}
  m_NavMeshLayer: 0
  m_StaticEditorFlags: 0
  m_IsActive: 1
--- !u!224 &4018548037028463850
RectTransform:
  m_ObjectHideFlags: 0
  m_CorrespondingSourceObject: {fileID: 0}
  m_PrefabInstance: {fileID: 0}
  m_PrefabAsset: {fileID: 0}
  m_GameObject: {fileID: 8477059856267408821}
  m_LocalRotation: {x: 0, y: 0, z: 0, w: 1}
  m_LocalPosition: {x: 0, y: 0, z: 0}
  m_LocalScale: {x: 0.62, y: 0.62, z: 0.62}
  m_ConstrainProportionsScale: 1
  m_Children:
  - {fileID: 6876836472357619071}
  - {fileID: 6874583399375586632}
  - {fileID: 3966247056006429215}
  - {fileID: 4333359580882912384}
  - {fileID: 6297679549597998201}
  - {fileID: 2828677824760552597}
  m_Father: {fileID: 0}
  m_RootOrder: 0
  m_LocalEulerAnglesHint: {x: 0, y: 0, z: 0}
  m_AnchorMin: {x: 1, y: 0}
  m_AnchorMax: {x: 1, y: 0}
  m_AnchoredPosition: {x: -8, y: 0}
  m_SizeDelta: {x: 336, y: 336}
  m_Pivot: {x: 1, y: 0}
--- !u!1001 &284341471437943364
PrefabInstance:
  m_ObjectHideFlags: 0
  serializedVersion: 2
  m_Modification:
    m_TransformParent: {fileID: 4018548037028463850}
    m_Modifications:
    - target: {fileID: 707703223561019443, guid: fabbb5762a72e664ab3af698cea5b61a,
        type: 3}
      propertyPath: m_Name
      value: Shot
      objectReference: {fileID: 0}
    - target: {fileID: 707703223561019443, guid: fabbb5762a72e664ab3af698cea5b61a,
        type: 3}
      propertyPath: m_IsActive
      value: 1
      objectReference: {fileID: 0}
    - target: {fileID: 719295197300652582, guid: fabbb5762a72e664ab3af698cea5b61a,
        type: 3}
      propertyPath: m_SizeDelta.x
      value: 0
      objectReference: {fileID: 0}
    - target: {fileID: 1330765826491248817, guid: fabbb5762a72e664ab3af698cea5b61a,
        type: 3}
      propertyPath: m_SizeDelta.x
      value: 31.38
      objectReference: {fileID: 0}
    - target: {fileID: 1410517028741160797, guid: fabbb5762a72e664ab3af698cea5b61a,
        type: 3}
      propertyPath: m_text
      value: 
      objectReference: {fileID: 0}
    - target: {fileID: 1674916970491574951, guid: fabbb5762a72e664ab3af698cea5b61a,
        type: 3}
      propertyPath: m_IsActive
      value: 0
      objectReference: {fileID: 0}
    - target: {fileID: 3621940647998977424, guid: fabbb5762a72e664ab3af698cea5b61a,
        type: 3}
      propertyPath: m_Sprite
      value: 
      objectReference: {fileID: -1630756672, guid: 86edf9fcee133074baa5e808ac890db3,
        type: 3}
    - target: {fileID: 4251414630675644538, guid: fabbb5762a72e664ab3af698cea5b61a,
        type: 3}
      propertyPath: m_Pivot.x
      value: 1
      objectReference: {fileID: 0}
    - target: {fileID: 4251414630675644538, guid: fabbb5762a72e664ab3af698cea5b61a,
        type: 3}
      propertyPath: m_Pivot.y
      value: 1
      objectReference: {fileID: 0}
    - target: {fileID: 4251414630675644538, guid: fabbb5762a72e664ab3af698cea5b61a,
        type: 3}
      propertyPath: m_AnchorMax.x
      value: 1
      objectReference: {fileID: 0}
    - target: {fileID: 4251414630675644538, guid: fabbb5762a72e664ab3af698cea5b61a,
        type: 3}
      propertyPath: m_AnchorMin.x
      value: 1
      objectReference: {fileID: 0}
    - target: {fileID: 4251414630675644538, guid: fabbb5762a72e664ab3af698cea5b61a,
        type: 3}
      propertyPath: m_AnchoredPosition.x
      value: 28.1
      objectReference: {fileID: 0}
    - target: {fileID: 4251414630675644538, guid: fabbb5762a72e664ab3af698cea5b61a,
        type: 3}
      propertyPath: m_AnchoredPosition.y
      value: 35.5
      objectReference: {fileID: 0}
    - target: {fileID: 5287389254288826520, guid: fabbb5762a72e664ab3af698cea5b61a,
        type: 3}
      propertyPath: baseAbilityCastPrefab
      value: 
      objectReference: {fileID: -4793735405764323992, guid: a5bf1d424b863b645a0e12537e66a901,
        type: 3}
    - target: {fileID: 5472011819564380503, guid: fabbb5762a72e664ab3af698cea5b61a,
        type: 3}
      propertyPath: m_IsActive
      value: 0
      objectReference: {fileID: 0}
    - target: {fileID: 5866477564798807097, guid: fabbb5762a72e664ab3af698cea5b61a,
        type: 3}
      propertyPath: m_IsActive
      value: 1
      objectReference: {fileID: 0}
    - target: {fileID: 6419865482440676718, guid: fabbb5762a72e664ab3af698cea5b61a,
        type: 3}
      propertyPath: baseAbilityCastPrefab
      value: 
      objectReference: {fileID: -4793735405764323992, guid: a5bf1d424b863b645a0e12537e66a901,
        type: 3}
    - target: {fileID: 6671311138785605388, guid: fabbb5762a72e664ab3af698cea5b61a,
        type: 3}
      propertyPath: m_Pivot.x
      value: 0.5
      objectReference: {fileID: 0}
    - target: {fileID: 6671311138785605388, guid: fabbb5762a72e664ab3af698cea5b61a,
        type: 3}
      propertyPath: m_Pivot.y
      value: 0.5
      objectReference: {fileID: 0}
    - target: {fileID: 6671311138785605388, guid: fabbb5762a72e664ab3af698cea5b61a,
        type: 3}
      propertyPath: m_RootOrder
      value: 1
      objectReference: {fileID: 0}
    - target: {fileID: 6671311138785605388, guid: fabbb5762a72e664ab3af698cea5b61a,
        type: 3}
      propertyPath: m_AnchorMax.x
      value: 0.5
      objectReference: {fileID: 0}
    - target: {fileID: 6671311138785605388, guid: fabbb5762a72e664ab3af698cea5b61a,
        type: 3}
      propertyPath: m_AnchorMax.y
      value: 0.5
      objectReference: {fileID: 0}
    - target: {fileID: 6671311138785605388, guid: fabbb5762a72e664ab3af698cea5b61a,
        type: 3}
      propertyPath: m_AnchorMin.x
      value: 0.5
      objectReference: {fileID: 0}
    - target: {fileID: 6671311138785605388, guid: fabbb5762a72e664ab3af698cea5b61a,
        type: 3}
      propertyPath: m_AnchorMin.y
      value: 0.5
      objectReference: {fileID: 0}
    - target: {fileID: 6671311138785605388, guid: fabbb5762a72e664ab3af698cea5b61a,
        type: 3}
      propertyPath: m_SizeDelta.x
      value: 80
      objectReference: {fileID: 0}
    - target: {fileID: 6671311138785605388, guid: fabbb5762a72e664ab3af698cea5b61a,
        type: 3}
      propertyPath: m_SizeDelta.y
      value: 100
      objectReference: {fileID: 0}
    - target: {fileID: 6671311138785605388, guid: fabbb5762a72e664ab3af698cea5b61a,
        type: 3}
      propertyPath: m_LocalPosition.x
      value: 0
      objectReference: {fileID: 0}
    - target: {fileID: 6671311138785605388, guid: fabbb5762a72e664ab3af698cea5b61a,
        type: 3}
      propertyPath: m_LocalPosition.y
      value: 0
      objectReference: {fileID: 0}
    - target: {fileID: 6671311138785605388, guid: fabbb5762a72e664ab3af698cea5b61a,
        type: 3}
      propertyPath: m_LocalPosition.z
      value: 0
      objectReference: {fileID: 0}
    - target: {fileID: 6671311138785605388, guid: fabbb5762a72e664ab3af698cea5b61a,
        type: 3}
      propertyPath: m_LocalRotation.w
      value: 1
      objectReference: {fileID: 0}
    - target: {fileID: 6671311138785605388, guid: fabbb5762a72e664ab3af698cea5b61a,
        type: 3}
      propertyPath: m_LocalRotation.x
      value: 0
      objectReference: {fileID: 0}
    - target: {fileID: 6671311138785605388, guid: fabbb5762a72e664ab3af698cea5b61a,
        type: 3}
      propertyPath: m_LocalRotation.y
      value: 0
      objectReference: {fileID: 0}
    - target: {fileID: 6671311138785605388, guid: fabbb5762a72e664ab3af698cea5b61a,
        type: 3}
      propertyPath: m_LocalRotation.z
      value: 0
      objectReference: {fileID: 0}
    - target: {fileID: 6671311138785605388, guid: fabbb5762a72e664ab3af698cea5b61a,
        type: 3}
      propertyPath: m_AnchoredPosition.x
      value: 16
      objectReference: {fileID: 0}
    - target: {fileID: 6671311138785605388, guid: fabbb5762a72e664ab3af698cea5b61a,
        type: 3}
      propertyPath: m_AnchoredPosition.y
      value: 450
      objectReference: {fileID: 0}
    - target: {fileID: 6671311138785605388, guid: fabbb5762a72e664ab3af698cea5b61a,
        type: 3}
      propertyPath: m_LocalEulerAnglesHint.x
      value: 0
      objectReference: {fileID: 0}
    - target: {fileID: 6671311138785605388, guid: fabbb5762a72e664ab3af698cea5b61a,
        type: 3}
      propertyPath: m_LocalEulerAnglesHint.y
      value: 0
      objectReference: {fileID: 0}
    - target: {fileID: 6671311138785605388, guid: fabbb5762a72e664ab3af698cea5b61a,
        type: 3}
      propertyPath: m_LocalEulerAnglesHint.z
      value: 0
      objectReference: {fileID: 0}
    - target: {fileID: 7033544261584533156, guid: fabbb5762a72e664ab3af698cea5b61a,
        type: 3}
      propertyPath: m_Sprite
      value: 
      objectReference: {fileID: 96512209, guid: afd03329d5a9fcd49a8da0b1e6453544,
        type: 3}
    - target: {fileID: 8195678214908066711, guid: fabbb5762a72e664ab3af698cea5b61a,
        type: 3}
      propertyPath: m_text
      value: RT
      objectReference: {fileID: 0}
    - target: {fileID: 8916493956976204185, guid: fabbb5762a72e664ab3af698cea5b61a,
        type: 3}
      propertyPath: m_Sprite
      value: 
      objectReference: {fileID: 21300000, guid: 38e7b76ccb8732a4e8bf1953ba231067,
        type: 3}
    - target: {fileID: 9217984151068193013, guid: fabbb5762a72e664ab3af698cea5b61a,
        type: 3}
      propertyPath: m_Pivot.x
      value: 1
      objectReference: {fileID: 0}
    - target: {fileID: 9217984151068193013, guid: fabbb5762a72e664ab3af698cea5b61a,
        type: 3}
      propertyPath: m_Pivot.y
      value: 1
      objectReference: {fileID: 0}
    - target: {fileID: 9217984151068193013, guid: fabbb5762a72e664ab3af698cea5b61a,
        type: 3}
      propertyPath: m_AnchorMax.x
      value: 1
      objectReference: {fileID: 0}
    - target: {fileID: 9217984151068193013, guid: fabbb5762a72e664ab3af698cea5b61a,
        type: 3}
      propertyPath: m_AnchorMin.x
      value: 1
      objectReference: {fileID: 0}
    - target: {fileID: 9217984151068193013, guid: fabbb5762a72e664ab3af698cea5b61a,
        type: 3}
      propertyPath: m_AnchoredPosition.x
      value: 36.4
      objectReference: {fileID: 0}
    - target: {fileID: 9217984151068193013, guid: fabbb5762a72e664ab3af698cea5b61a,
        type: 3}
      propertyPath: m_AnchoredPosition.y
      value: 36.3
      objectReference: {fileID: 0}
    m_RemovedComponents: []
  m_SourcePrefab: {fileID: 100100000, guid: fabbb5762a72e664ab3af698cea5b61a, type: 3}
--- !u!224 &6874583399375586632 stripped
RectTransform:
  m_CorrespondingSourceObject: {fileID: 6671311138785605388, guid: fabbb5762a72e664ab3af698cea5b61a,
    type: 3}
  m_PrefabInstance: {fileID: 284341471437943364}
  m_PrefabAsset: {fileID: 0}
--- !u!1001 &860354712483654517
PrefabInstance:
  m_ObjectHideFlags: 0
  serializedVersion: 2
  m_Modification:
    m_TransformParent: {fileID: 4018548037028463850}
    m_Modifications:
    - target: {fileID: 707703223561019443, guid: fabbb5762a72e664ab3af698cea5b61a,
        type: 3}
      propertyPath: m_Name
      value: Ecolocalization
      objectReference: {fileID: 0}
    - target: {fileID: 707703223561019443, guid: fabbb5762a72e664ab3af698cea5b61a,
        type: 3}
      propertyPath: m_IsActive
      value: 1
      objectReference: {fileID: 0}
    - target: {fileID: 719295197300652582, guid: fabbb5762a72e664ab3af698cea5b61a,
        type: 3}
      propertyPath: m_SizeDelta.x
      value: 0
      objectReference: {fileID: 0}
    - target: {fileID: 1330765826491248817, guid: fabbb5762a72e664ab3af698cea5b61a,
        type: 3}
      propertyPath: m_SizeDelta.x
      value: 18.26
      objectReference: {fileID: 0}
    - target: {fileID: 1410517028741160797, guid: fabbb5762a72e664ab3af698cea5b61a,
        type: 3}
      propertyPath: m_text
      value: M
      objectReference: {fileID: 0}
    - target: {fileID: 1674916970491574951, guid: fabbb5762a72e664ab3af698cea5b61a,
        type: 3}
      propertyPath: m_IsActive
      value: 0
      objectReference: {fileID: 0}
    - target: {fileID: 3621940647998977424, guid: fabbb5762a72e664ab3af698cea5b61a,
        type: 3}
      propertyPath: m_Sprite
      value: 
      objectReference: {fileID: 100640426, guid: 86edf9fcee133074baa5e808ac890db3,
        type: 3}
    - target: {fileID: 4054291490875892408, guid: fabbb5762a72e664ab3af698cea5b61a,
        type: 3}
      propertyPath: m_Sprite
      value: 
      objectReference: {fileID: -2043418840, guid: 7e6af34047823514e9e2d73a1aa1d3cd,
        type: 3}
    - target: {fileID: 4251414630675644538, guid: fabbb5762a72e664ab3af698cea5b61a,
        type: 3}
      propertyPath: m_Pivot.y
      value: 1
      objectReference: {fileID: 0}
    - target: {fileID: 4251414630675644538, guid: fabbb5762a72e664ab3af698cea5b61a,
        type: 3}
      propertyPath: m_SizeDelta.x
      value: 42
      objectReference: {fileID: 0}
    - target: {fileID: 4251414630675644538, guid: fabbb5762a72e664ab3af698cea5b61a,
        type: 3}
      propertyPath: m_SizeDelta.y
      value: 42
      objectReference: {fileID: 0}
    - target: {fileID: 4251414630675644538, guid: fabbb5762a72e664ab3af698cea5b61a,
        type: 3}
      propertyPath: m_AnchoredPosition.x
      value: 0
      objectReference: {fileID: 0}
    - target: {fileID: 4251414630675644538, guid: fabbb5762a72e664ab3af698cea5b61a,
        type: 3}
      propertyPath: m_AnchoredPosition.y
      value: -13
      objectReference: {fileID: 0}
    - target: {fileID: 5287389254288826520, guid: fabbb5762a72e664ab3af698cea5b61a,
        type: 3}
      propertyPath: baseAbilityCastPrefab
      value: 
      objectReference: {fileID: 2633164723565720753, guid: b17f955fed4d5c34cb107c8260fbf50f,
        type: 3}
    - target: {fileID: 5866477564798807097, guid: fabbb5762a72e664ab3af698cea5b61a,
        type: 3}
      propertyPath: m_IsActive
      value: 0
      objectReference: {fileID: 0}
    - target: {fileID: 6419865482440676718, guid: fabbb5762a72e664ab3af698cea5b61a,
        type: 3}
      propertyPath: baseAbilityCastPrefab
      value: 
      objectReference: {fileID: 2633164723565720753, guid: b17f955fed4d5c34cb107c8260fbf50f,
        type: 3}
    - target: {fileID: 6671311138785605388, guid: fabbb5762a72e664ab3af698cea5b61a,
        type: 3}
      propertyPath: m_Pivot.x
      value: 0.5
      objectReference: {fileID: 0}
    - target: {fileID: 6671311138785605388, guid: fabbb5762a72e664ab3af698cea5b61a,
        type: 3}
      propertyPath: m_Pivot.y
      value: 0.5
      objectReference: {fileID: 0}
    - target: {fileID: 6671311138785605388, guid: fabbb5762a72e664ab3af698cea5b61a,
        type: 3}
      propertyPath: m_RootOrder
      value: 4
      objectReference: {fileID: 0}
    - target: {fileID: 6671311138785605388, guid: fabbb5762a72e664ab3af698cea5b61a,
        type: 3}
      propertyPath: m_AnchorMax.x
      value: 0.5
      objectReference: {fileID: 0}
    - target: {fileID: 6671311138785605388, guid: fabbb5762a72e664ab3af698cea5b61a,
        type: 3}
      propertyPath: m_AnchorMax.y
      value: 0.5
      objectReference: {fileID: 0}
    - target: {fileID: 6671311138785605388, guid: fabbb5762a72e664ab3af698cea5b61a,
        type: 3}
      propertyPath: m_AnchorMin.x
      value: 0.5
      objectReference: {fileID: 0}
    - target: {fileID: 6671311138785605388, guid: fabbb5762a72e664ab3af698cea5b61a,
        type: 3}
      propertyPath: m_AnchorMin.y
      value: 0.5
      objectReference: {fileID: 0}
    - target: {fileID: 6671311138785605388, guid: fabbb5762a72e664ab3af698cea5b61a,
        type: 3}
      propertyPath: m_SizeDelta.x
      value: 80
      objectReference: {fileID: 0}
    - target: {fileID: 6671311138785605388, guid: fabbb5762a72e664ab3af698cea5b61a,
        type: 3}
      propertyPath: m_SizeDelta.y
      value: 100
      objectReference: {fileID: 0}
    - target: {fileID: 6671311138785605388, guid: fabbb5762a72e664ab3af698cea5b61a,
        type: 3}
      propertyPath: m_LocalPosition.x
      value: 0
      objectReference: {fileID: 0}
    - target: {fileID: 6671311138785605388, guid: fabbb5762a72e664ab3af698cea5b61a,
        type: 3}
      propertyPath: m_LocalPosition.y
      value: 0
      objectReference: {fileID: 0}
    - target: {fileID: 6671311138785605388, guid: fabbb5762a72e664ab3af698cea5b61a,
        type: 3}
      propertyPath: m_LocalPosition.z
      value: 0
      objectReference: {fileID: 0}
    - target: {fileID: 6671311138785605388, guid: fabbb5762a72e664ab3af698cea5b61a,
        type: 3}
      propertyPath: m_LocalRotation.w
      value: 1
      objectReference: {fileID: 0}
    - target: {fileID: 6671311138785605388, guid: fabbb5762a72e664ab3af698cea5b61a,
        type: 3}
      propertyPath: m_LocalRotation.x
      value: 0
      objectReference: {fileID: 0}
    - target: {fileID: 6671311138785605388, guid: fabbb5762a72e664ab3af698cea5b61a,
        type: 3}
      propertyPath: m_LocalRotation.y
      value: 0
      objectReference: {fileID: 0}
    - target: {fileID: 6671311138785605388, guid: fabbb5762a72e664ab3af698cea5b61a,
        type: 3}
      propertyPath: m_LocalRotation.z
      value: 0
      objectReference: {fileID: 0}
    - target: {fileID: 6671311138785605388, guid: fabbb5762a72e664ab3af698cea5b61a,
        type: 3}
      propertyPath: m_AnchoredPosition.x
      value: 0
      objectReference: {fileID: 0}
    - target: {fileID: 6671311138785605388, guid: fabbb5762a72e664ab3af698cea5b61a,
        type: 3}
      propertyPath: m_AnchoredPosition.y
      value: 120
      objectReference: {fileID: 0}
    - target: {fileID: 6671311138785605388, guid: fabbb5762a72e664ab3af698cea5b61a,
        type: 3}
      propertyPath: m_LocalEulerAnglesHint.x
      value: 0
      objectReference: {fileID: 0}
    - target: {fileID: 6671311138785605388, guid: fabbb5762a72e664ab3af698cea5b61a,
        type: 3}
      propertyPath: m_LocalEulerAnglesHint.y
      value: 0
      objectReference: {fileID: 0}
    - target: {fileID: 6671311138785605388, guid: fabbb5762a72e664ab3af698cea5b61a,
        type: 3}
      propertyPath: m_LocalEulerAnglesHint.z
      value: 0
      objectReference: {fileID: 0}
    - target: {fileID: 7033544261584533156, guid: fabbb5762a72e664ab3af698cea5b61a,
        type: 3}
      propertyPath: m_Sprite
      value: 
      objectReference: {fileID: 1918486409, guid: 0abe624b019c8a443ab8b4e39bea7664,
        type: 3}
    - target: {fileID: 7485119097529871960, guid: fabbb5762a72e664ab3af698cea5b61a,
        type: 3}
      propertyPath: m_IsActive
      value: 1
      objectReference: {fileID: 0}
    - target: {fileID: 8195678214908066711, guid: fabbb5762a72e664ab3af698cea5b61a,
        type: 3}
      propertyPath: m_text
      value: Y
      objectReference: {fileID: 0}
    - target: {fileID: 8916493956976204185, guid: fabbb5762a72e664ab3af698cea5b61a,
        type: 3}
      propertyPath: m_Sprite
      value: 
      objectReference: {fileID: 21300000, guid: c14d67192a4716643b646ed7f1bbd8d1,
        type: 3}
    - target: {fileID: 9217984151068193013, guid: fabbb5762a72e664ab3af698cea5b61a,
        type: 3}
      propertyPath: m_Pivot.y
      value: 1
      objectReference: {fileID: 0}
    - target: {fileID: 9217984151068193013, guid: fabbb5762a72e664ab3af698cea5b61a,
        type: 3}
      propertyPath: m_SizeDelta.x
      value: 64
      objectReference: {fileID: 0}
    - target: {fileID: 9217984151068193013, guid: fabbb5762a72e664ab3af698cea5b61a,
        type: 3}
      propertyPath: m_SizeDelta.y
      value: 64
      objectReference: {fileID: 0}
    - target: {fileID: 9217984151068193013, guid: fabbb5762a72e664ab3af698cea5b61a,
        type: 3}
      propertyPath: m_AnchoredPosition.x
      value: 0
      objectReference: {fileID: 0}
    - target: {fileID: 9217984151068193013, guid: fabbb5762a72e664ab3af698cea5b61a,
        type: 3}
      propertyPath: m_AnchoredPosition.y
      value: -2
      objectReference: {fileID: 0}
    m_RemovedComponents: []
  m_SourcePrefab: {fileID: 100100000, guid: fabbb5762a72e664ab3af698cea5b61a, type: 3}
--- !u!224 &6297679549597998201 stripped
RectTransform:
  m_CorrespondingSourceObject: {fileID: 6671311138785605388, guid: fabbb5762a72e664ab3af698cea5b61a,
    type: 3}
  m_PrefabInstance: {fileID: 860354712483654517}
  m_PrefabAsset: {fileID: 0}
--- !u!1001 &6968878102187602828
PrefabInstance:
  m_ObjectHideFlags: 0
  serializedVersion: 2
  m_Modification:
    m_TransformParent: {fileID: 4018548037028463850}
    m_Modifications:
    - target: {fileID: 707703223561019443, guid: fabbb5762a72e664ab3af698cea5b61a,
        type: 3}
      propertyPath: m_Name
      value: Dash
      objectReference: {fileID: 0}
    - target: {fileID: 707703223561019443, guid: fabbb5762a72e664ab3af698cea5b61a,
        type: 3}
      propertyPath: m_IsActive
      value: 1
      objectReference: {fileID: 0}
    - target: {fileID: 719295197300652582, guid: fabbb5762a72e664ab3af698cea5b61a,
        type: 3}
      propertyPath: m_SizeDelta.x
      value: 34.14
      objectReference: {fileID: 0}
    - target: {fileID: 719295197300652582, guid: fabbb5762a72e664ab3af698cea5b61a,
        type: 3}
      propertyPath: m_AnchoredPosition.y
      value: -3.2
      objectReference: {fileID: 0}
    - target: {fileID: 1330765826491248817, guid: fabbb5762a72e664ab3af698cea5b61a,
        type: 3}
      propertyPath: m_SizeDelta.x
      value: 31.38
      objectReference: {fileID: 0}
    - target: {fileID: 1410517028741160797, guid: fabbb5762a72e664ab3af698cea5b61a,
        type: 3}
      propertyPath: m_text
      value: Shift
      objectReference: {fileID: 0}
    - target: {fileID: 1410517028741160797, guid: fabbb5762a72e664ab3af698cea5b61a,
        type: 3}
      propertyPath: m_fontSize
      value: 18
      objectReference: {fileID: 0}
    - target: {fileID: 1410517028741160797, guid: fabbb5762a72e664ab3af698cea5b61a,
        type: 3}
      propertyPath: m_fontColor.b
      value: 1
      objectReference: {fileID: 0}
    - target: {fileID: 1410517028741160797, guid: fabbb5762a72e664ab3af698cea5b61a,
        type: 3}
      propertyPath: m_fontColor.g
      value: 1
      objectReference: {fileID: 0}
    - target: {fileID: 1410517028741160797, guid: fabbb5762a72e664ab3af698cea5b61a,
        type: 3}
      propertyPath: m_fontColor.r
      value: 1
      objectReference: {fileID: 0}
    - target: {fileID: 1410517028741160797, guid: fabbb5762a72e664ab3af698cea5b61a,
        type: 3}
      propertyPath: m_fontSizeBase
      value: 18
      objectReference: {fileID: 0}
    - target: {fileID: 1410517028741160797, guid: fabbb5762a72e664ab3af698cea5b61a,
        type: 3}
      propertyPath: m_fontColor32.rgba
      value: 4294967295
      objectReference: {fileID: 0}
    - target: {fileID: 1410517028741160797, guid: fabbb5762a72e664ab3af698cea5b61a,
        type: 3}
      propertyPath: m_VerticalAlignment
      value: 256
      objectReference: {fileID: 0}
    - target: {fileID: 1674916970491574951, guid: fabbb5762a72e664ab3af698cea5b61a,
        type: 3}
      propertyPath: m_IsActive
      value: 0
      objectReference: {fileID: 0}
    - target: {fileID: 3241078526836630770, guid: fabbb5762a72e664ab3af698cea5b61a,
        type: 3}
      propertyPath: m_IsActive
      value: 0
      objectReference: {fileID: 0}
    - target: {fileID: 3621940647998977424, guid: fabbb5762a72e664ab3af698cea5b61a,
        type: 3}
      propertyPath: m_Sprite
      value: 
      objectReference: {fileID: -868190053, guid: 86edf9fcee133074baa5e808ac890db3,
        type: 3}
    - target: {fileID: 4251414630675644538, guid: fabbb5762a72e664ab3af698cea5b61a,
        type: 3}
      propertyPath: m_Pivot.x
      value: 1
      objectReference: {fileID: 0}
    - target: {fileID: 4251414630675644538, guid: fabbb5762a72e664ab3af698cea5b61a,
        type: 3}
      propertyPath: m_Pivot.y
      value: 1
      objectReference: {fileID: 0}
    - target: {fileID: 4251414630675644538, guid: fabbb5762a72e664ab3af698cea5b61a,
        type: 3}
      propertyPath: m_AnchorMax.x
      value: 1
      objectReference: {fileID: 0}
    - target: {fileID: 4251414630675644538, guid: fabbb5762a72e664ab3af698cea5b61a,
        type: 3}
      propertyPath: m_AnchorMin.x
      value: 1
      objectReference: {fileID: 0}
    - target: {fileID: 4251414630675644538, guid: fabbb5762a72e664ab3af698cea5b61a,
        type: 3}
      propertyPath: m_AnchoredPosition.x
      value: 40.9
      objectReference: {fileID: 0}
    - target: {fileID: 4251414630675644538, guid: fabbb5762a72e664ab3af698cea5b61a,
        type: 3}
      propertyPath: m_AnchoredPosition.y
      value: 29.6
      objectReference: {fileID: 0}
    - target: {fileID: 5287389254288826520, guid: fabbb5762a72e664ab3af698cea5b61a,
        type: 3}
      propertyPath: baseAbilityCastPrefab
      value: 
      objectReference: {fileID: -4793735405764323992, guid: a5bf1d424b863b645a0e12537e66a901,
        type: 3}
    - target: {fileID: 5472011819564380503, guid: fabbb5762a72e664ab3af698cea5b61a,
        type: 3}
      propertyPath: m_IsActive
      value: 0
      objectReference: {fileID: 0}
    - target: {fileID: 5866477564798807097, guid: fabbb5762a72e664ab3af698cea5b61a,
        type: 3}
      propertyPath: m_IsActive
      value: 1
      objectReference: {fileID: 0}
    - target: {fileID: 6419865482440676718, guid: fabbb5762a72e664ab3af698cea5b61a,
        type: 3}
      propertyPath: baseAbilityCastPrefab
      value: 
      objectReference: {fileID: -8087768560676880702, guid: 711a28badb1520c43869c1ee1042647e,
        type: 3}
    - target: {fileID: 6671311138785605388, guid: fabbb5762a72e664ab3af698cea5b61a,
        type: 3}
      propertyPath: m_Pivot.x
      value: 0.5
      objectReference: {fileID: 0}
    - target: {fileID: 6671311138785605388, guid: fabbb5762a72e664ab3af698cea5b61a,
        type: 3}
      propertyPath: m_Pivot.y
      value: 0.5
      objectReference: {fileID: 0}
    - target: {fileID: 6671311138785605388, guid: fabbb5762a72e664ab3af698cea5b61a,
        type: 3}
      propertyPath: m_RootOrder
      value: 3
      objectReference: {fileID: 0}
    - target: {fileID: 6671311138785605388, guid: fabbb5762a72e664ab3af698cea5b61a,
        type: 3}
      propertyPath: m_AnchorMax.x
      value: 0.5
      objectReference: {fileID: 0}
    - target: {fileID: 6671311138785605388, guid: fabbb5762a72e664ab3af698cea5b61a,
        type: 3}
      propertyPath: m_AnchorMax.y
      value: 0.5
      objectReference: {fileID: 0}
    - target: {fileID: 6671311138785605388, guid: fabbb5762a72e664ab3af698cea5b61a,
        type: 3}
      propertyPath: m_AnchorMin.x
      value: 0.5
      objectReference: {fileID: 0}
    - target: {fileID: 6671311138785605388, guid: fabbb5762a72e664ab3af698cea5b61a,
        type: 3}
      propertyPath: m_AnchorMin.y
      value: 0.5
      objectReference: {fileID: 0}
    - target: {fileID: 6671311138785605388, guid: fabbb5762a72e664ab3af698cea5b61a,
        type: 3}
      propertyPath: m_SizeDelta.x
      value: 80
      objectReference: {fileID: 0}
    - target: {fileID: 6671311138785605388, guid: fabbb5762a72e664ab3af698cea5b61a,
        type: 3}
      propertyPath: m_SizeDelta.y
      value: 100
      objectReference: {fileID: 0}
    - target: {fileID: 6671311138785605388, guid: fabbb5762a72e664ab3af698cea5b61a,
        type: 3}
      propertyPath: m_LocalPosition.x
      value: 0
      objectReference: {fileID: 0}
    - target: {fileID: 6671311138785605388, guid: fabbb5762a72e664ab3af698cea5b61a,
        type: 3}
      propertyPath: m_LocalPosition.y
      value: 0
      objectReference: {fileID: 0}
    - target: {fileID: 6671311138785605388, guid: fabbb5762a72e664ab3af698cea5b61a,
        type: 3}
      propertyPath: m_LocalPosition.z
      value: 0
      objectReference: {fileID: 0}
    - target: {fileID: 6671311138785605388, guid: fabbb5762a72e664ab3af698cea5b61a,
        type: 3}
      propertyPath: m_LocalRotation.w
      value: 1
      objectReference: {fileID: 0}
    - target: {fileID: 6671311138785605388, guid: fabbb5762a72e664ab3af698cea5b61a,
        type: 3}
      propertyPath: m_LocalRotation.x
      value: 0
      objectReference: {fileID: 0}
    - target: {fileID: 6671311138785605388, guid: fabbb5762a72e664ab3af698cea5b61a,
        type: 3}
      propertyPath: m_LocalRotation.y
      value: 0
      objectReference: {fileID: 0}
    - target: {fileID: 6671311138785605388, guid: fabbb5762a72e664ab3af698cea5b61a,
        type: 3}
      propertyPath: m_LocalRotation.z
      value: 0
      objectReference: {fileID: 0}
    - target: {fileID: 6671311138785605388, guid: fabbb5762a72e664ab3af698cea5b61a,
        type: 3}
      propertyPath: m_AnchoredPosition.x
      value: 16
      objectReference: {fileID: 0}
    - target: {fileID: 6671311138785605388, guid: fabbb5762a72e664ab3af698cea5b61a,
        type: 3}
      propertyPath: m_AnchoredPosition.y
      value: 230
      objectReference: {fileID: 0}
    - target: {fileID: 6671311138785605388, guid: fabbb5762a72e664ab3af698cea5b61a,
        type: 3}
      propertyPath: m_LocalEulerAnglesHint.x
      value: 0
      objectReference: {fileID: 0}
    - target: {fileID: 6671311138785605388, guid: fabbb5762a72e664ab3af698cea5b61a,
        type: 3}
      propertyPath: m_LocalEulerAnglesHint.y
      value: 0
      objectReference: {fileID: 0}
    - target: {fileID: 6671311138785605388, guid: fabbb5762a72e664ab3af698cea5b61a,
        type: 3}
      propertyPath: m_LocalEulerAnglesHint.z
      value: 0
      objectReference: {fileID: 0}
    - target: {fileID: 7033544261584533156, guid: fabbb5762a72e664ab3af698cea5b61a,
        type: 3}
      propertyPath: m_Type
      value: 0
      objectReference: {fileID: 0}
    - target: {fileID: 7033544261584533156, guid: fabbb5762a72e664ab3af698cea5b61a,
        type: 3}
      propertyPath: m_Sprite
      value: 
      objectReference: {fileID: 21300000, guid: d9e6652cf7df1f942b6dbca77b728f53,
        type: 3}
    - target: {fileID: 8195678214908066711, guid: fabbb5762a72e664ab3af698cea5b61a,
        type: 3}
      propertyPath: m_text
      value: RT
      objectReference: {fileID: 0}
    - target: {fileID: 8916493956976204185, guid: fabbb5762a72e664ab3af698cea5b61a,
        type: 3}
      propertyPath: m_Sprite
      value: 
      objectReference: {fileID: 21300000, guid: 5c0fa6d0d48726748a2b2bc2b8d20c2d,
        type: 3}
    - target: {fileID: 9217984151068193013, guid: fabbb5762a72e664ab3af698cea5b61a,
        type: 3}
      propertyPath: m_Pivot.x
      value: 1
      objectReference: {fileID: 0}
    - target: {fileID: 9217984151068193013, guid: fabbb5762a72e664ab3af698cea5b61a,
        type: 3}
      propertyPath: m_Pivot.y
      value: 1
      objectReference: {fileID: 0}
    - target: {fileID: 9217984151068193013, guid: fabbb5762a72e664ab3af698cea5b61a,
        type: 3}
      propertyPath: m_AnchorMax.x
      value: 1
      objectReference: {fileID: 0}
    - target: {fileID: 9217984151068193013, guid: fabbb5762a72e664ab3af698cea5b61a,
        type: 3}
      propertyPath: m_AnchorMin.x
      value: 1
      objectReference: {fileID: 0}
    - target: {fileID: 9217984151068193013, guid: fabbb5762a72e664ab3af698cea5b61a,
        type: 3}
      propertyPath: m_AnchoredPosition.x
      value: 41.5
      objectReference: {fileID: 0}
    - target: {fileID: 9217984151068193013, guid: fabbb5762a72e664ab3af698cea5b61a,
        type: 3}
      propertyPath: m_AnchoredPosition.y
      value: 43.9
      objectReference: {fileID: 0}
    m_RemovedComponents: []
  m_SourcePrefab: {fileID: 100100000, guid: fabbb5762a72e664ab3af698cea5b61a, type: 3}
--- !u!224 &4333359580882912384 stripped
RectTransform:
  m_CorrespondingSourceObject: {fileID: 6671311138785605388, guid: fabbb5762a72e664ab3af698cea5b61a,
    type: 3}
  m_PrefabInstance: {fileID: 6968878102187602828}
  m_PrefabAsset: {fileID: 0}
--- !u!1001 &7755113399966469395
PrefabInstance:
  m_ObjectHideFlags: 0
  serializedVersion: 2
  m_Modification:
    m_TransformParent: {fileID: 4018548037028463850}
    m_Modifications:
    - target: {fileID: 707703223561019443, guid: fabbb5762a72e664ab3af698cea5b61a,
        type: 3}
      propertyPath: m_Name
      value: Lunge
      objectReference: {fileID: 0}
    - target: {fileID: 707703223561019443, guid: fabbb5762a72e664ab3af698cea5b61a,
        type: 3}
      propertyPath: m_IsActive
      value: 1
      objectReference: {fileID: 0}
    - target: {fileID: 719295197300652582, guid: fabbb5762a72e664ab3af698cea5b61a,
        type: 3}
      propertyPath: m_SizeDelta.x
      value: 0
      objectReference: {fileID: 0}
    - target: {fileID: 719295197300652582, guid: fabbb5762a72e664ab3af698cea5b61a,
        type: 3}
      propertyPath: m_SizeDelta.y
      value: 11.93
      objectReference: {fileID: 0}
    - target: {fileID: 719295197300652582, guid: fabbb5762a72e664ab3af698cea5b61a,
        type: 3}
      propertyPath: m_AnchoredPosition.y
      value: 15.5
      objectReference: {fileID: 0}
    - target: {fileID: 1330765826491248817, guid: fabbb5762a72e664ab3af698cea5b61a,
        type: 3}
      propertyPath: m_SizeDelta.x
      value: 29.71
      objectReference: {fileID: 0}
    - target: {fileID: 1410517028741160797, guid: fabbb5762a72e664ab3af698cea5b61a,
        type: 3}
      propertyPath: m_text
      value: '-'
      objectReference: {fileID: 0}
    - target: {fileID: 1410517028741160797, guid: fabbb5762a72e664ab3af698cea5b61a,
        type: 3}
      propertyPath: m_Enabled
      value: 0
      objectReference: {fileID: 0}
    - target: {fileID: 1410517028741160797, guid: fabbb5762a72e664ab3af698cea5b61a,
        type: 3}
      propertyPath: m_fontSize
      value: 32.5
      objectReference: {fileID: 0}
    - target: {fileID: 1410517028741160797, guid: fabbb5762a72e664ab3af698cea5b61a,
        type: 3}
      propertyPath: m_fontAsset
      value: 
      objectReference: {fileID: 11400000, guid: 7cd4d9cd591fa8b409baee5da11c626a,
        type: 2}
    - target: {fileID: 1410517028741160797, guid: fabbb5762a72e664ab3af698cea5b61a,
        type: 3}
      propertyPath: m_fontColor.b
      value: 1
      objectReference: {fileID: 0}
    - target: {fileID: 1410517028741160797, guid: fabbb5762a72e664ab3af698cea5b61a,
        type: 3}
      propertyPath: m_fontColor.g
      value: 1
      objectReference: {fileID: 0}
    - target: {fileID: 1410517028741160797, guid: fabbb5762a72e664ab3af698cea5b61a,
        type: 3}
      propertyPath: m_fontColor.r
      value: 1
      objectReference: {fileID: 0}
    - target: {fileID: 1410517028741160797, guid: fabbb5762a72e664ab3af698cea5b61a,
        type: 3}
      propertyPath: m_fontSizeBase
      value: 32.5
      objectReference: {fileID: 0}
    - target: {fileID: 1410517028741160797, guid: fabbb5762a72e664ab3af698cea5b61a,
        type: 3}
      propertyPath: m_sharedMaterial
      value: 
      objectReference: {fileID: -1069248234383864784, guid: 7cd4d9cd591fa8b409baee5da11c626a,
        type: 2}
    - target: {fileID: 1410517028741160797, guid: fabbb5762a72e664ab3af698cea5b61a,
        type: 3}
      propertyPath: m_fontColor32.rgba
      value: 4294967295
      objectReference: {fileID: 0}
    - target: {fileID: 1674916970491574951, guid: fabbb5762a72e664ab3af698cea5b61a,
        type: 3}
      propertyPath: m_IsActive
      value: 0
      objectReference: {fileID: 0}
    - target: {fileID: 3241078526836630770, guid: fabbb5762a72e664ab3af698cea5b61a,
        type: 3}
      propertyPath: m_IsActive
      value: 1
      objectReference: {fileID: 0}
    - target: {fileID: 3621940647998977424, guid: fabbb5762a72e664ab3af698cea5b61a,
        type: 3}
      propertyPath: m_Sprite
      value: 
      objectReference: {fileID: 1931832389, guid: 86edf9fcee133074baa5e808ac890db3,
        type: 3}
    - target: {fileID: 4251414630675644538, guid: fabbb5762a72e664ab3af698cea5b61a,
        type: 3}
      propertyPath: m_Pivot.x
      value: 1
      objectReference: {fileID: 0}
    - target: {fileID: 4251414630675644538, guid: fabbb5762a72e664ab3af698cea5b61a,
        type: 3}
      propertyPath: m_Pivot.y
      value: 1
      objectReference: {fileID: 0}
    - target: {fileID: 4251414630675644538, guid: fabbb5762a72e664ab3af698cea5b61a,
        type: 3}
      propertyPath: m_AnchorMax.x
      value: 1
      objectReference: {fileID: 0}
    - target: {fileID: 4251414630675644538, guid: fabbb5762a72e664ab3af698cea5b61a,
        type: 3}
      propertyPath: m_AnchorMin.x
      value: 1
      objectReference: {fileID: 0}
    - target: {fileID: 4251414630675644538, guid: fabbb5762a72e664ab3af698cea5b61a,
        type: 3}
      propertyPath: m_AnchoredPosition.x
      value: 37.4
      objectReference: {fileID: 0}
    - target: {fileID: 4251414630675644538, guid: fabbb5762a72e664ab3af698cea5b61a,
        type: 3}
      propertyPath: m_AnchoredPosition.y
      value: 14.3
      objectReference: {fileID: 0}
    - target: {fileID: 5287389254288826520, guid: fabbb5762a72e664ab3af698cea5b61a,
        type: 3}
      propertyPath: baseAbilityCastPrefab
      value: 
      objectReference: {fileID: 7433259845130114303, guid: e5f98a16c564cf946a65c6882ffc6731,
        type: 3}
    - target: {fileID: 5472011819564380503, guid: fabbb5762a72e664ab3af698cea5b61a,
        type: 3}
      propertyPath: m_IsActive
      value: 0
      objectReference: {fileID: 0}
    - target: {fileID: 5866477564798807097, guid: fabbb5762a72e664ab3af698cea5b61a,
        type: 3}
      propertyPath: m_IsActive
      value: 1
      objectReference: {fileID: 0}
    - target: {fileID: 6419865482440676718, guid: fabbb5762a72e664ab3af698cea5b61a,
        type: 3}
      propertyPath: baseAbilityCastPrefab
      value: 
      objectReference: {fileID: 7433259845130114303, guid: e5f98a16c564cf946a65c6882ffc6731,
        type: 3}
    - target: {fileID: 6671311138785605388, guid: fabbb5762a72e664ab3af698cea5b61a,
        type: 3}
      propertyPath: m_Pivot.x
      value: 0.5
      objectReference: {fileID: 0}
    - target: {fileID: 6671311138785605388, guid: fabbb5762a72e664ab3af698cea5b61a,
        type: 3}
      propertyPath: m_Pivot.y
      value: 0.5
      objectReference: {fileID: 0}
    - target: {fileID: 6671311138785605388, guid: fabbb5762a72e664ab3af698cea5b61a,
        type: 3}
      propertyPath: m_RootOrder
      value: 2
      objectReference: {fileID: 0}
    - target: {fileID: 6671311138785605388, guid: fabbb5762a72e664ab3af698cea5b61a,
        type: 3}
      propertyPath: m_AnchorMax.x
      value: 0.5
      objectReference: {fileID: 0}
    - target: {fileID: 6671311138785605388, guid: fabbb5762a72e664ab3af698cea5b61a,
        type: 3}
      propertyPath: m_AnchorMax.y
      value: 0.5
      objectReference: {fileID: 0}
    - target: {fileID: 6671311138785605388, guid: fabbb5762a72e664ab3af698cea5b61a,
        type: 3}
      propertyPath: m_AnchorMin.x
      value: 0.5
      objectReference: {fileID: 0}
    - target: {fileID: 6671311138785605388, guid: fabbb5762a72e664ab3af698cea5b61a,
        type: 3}
      propertyPath: m_AnchorMin.y
      value: 0.5
      objectReference: {fileID: 0}
    - target: {fileID: 6671311138785605388, guid: fabbb5762a72e664ab3af698cea5b61a,
        type: 3}
      propertyPath: m_SizeDelta.x
      value: 80
      objectReference: {fileID: 0}
    - target: {fileID: 6671311138785605388, guid: fabbb5762a72e664ab3af698cea5b61a,
        type: 3}
      propertyPath: m_SizeDelta.y
      value: 100
      objectReference: {fileID: 0}
    - target: {fileID: 6671311138785605388, guid: fabbb5762a72e664ab3af698cea5b61a,
        type: 3}
      propertyPath: m_LocalPosition.x
      value: 0
      objectReference: {fileID: 0}
    - target: {fileID: 6671311138785605388, guid: fabbb5762a72e664ab3af698cea5b61a,
        type: 3}
      propertyPath: m_LocalPosition.y
      value: 0
      objectReference: {fileID: 0}
    - target: {fileID: 6671311138785605388, guid: fabbb5762a72e664ab3af698cea5b61a,
        type: 3}
      propertyPath: m_LocalPosition.z
      value: 0
      objectReference: {fileID: 0}
    - target: {fileID: 6671311138785605388, guid: fabbb5762a72e664ab3af698cea5b61a,
        type: 3}
      propertyPath: m_LocalRotation.w
      value: 1
      objectReference: {fileID: 0}
    - target: {fileID: 6671311138785605388, guid: fabbb5762a72e664ab3af698cea5b61a,
        type: 3}
      propertyPath: m_LocalRotation.x
      value: 0
      objectReference: {fileID: 0}
    - target: {fileID: 6671311138785605388, guid: fabbb5762a72e664ab3af698cea5b61a,
        type: 3}
      propertyPath: m_LocalRotation.y
      value: 0
      objectReference: {fileID: 0}
    - target: {fileID: 6671311138785605388, guid: fabbb5762a72e664ab3af698cea5b61a,
        type: 3}
      propertyPath: m_LocalRotation.z
      value: 0
      objectReference: {fileID: 0}
    - target: {fileID: 6671311138785605388, guid: fabbb5762a72e664ab3af698cea5b61a,
        type: 3}
      propertyPath: m_AnchoredPosition.x
      value: 16
      objectReference: {fileID: 0}
    - target: {fileID: 6671311138785605388, guid: fabbb5762a72e664ab3af698cea5b61a,
        type: 3}
      propertyPath: m_AnchoredPosition.y
      value: 340
      objectReference: {fileID: 0}
    - target: {fileID: 6671311138785605388, guid: fabbb5762a72e664ab3af698cea5b61a,
        type: 3}
      propertyPath: m_LocalEulerAnglesHint.x
      value: 0
      objectReference: {fileID: 0}
    - target: {fileID: 6671311138785605388, guid: fabbb5762a72e664ab3af698cea5b61a,
        type: 3}
      propertyPath: m_LocalEulerAnglesHint.y
      value: 0
      objectReference: {fileID: 0}
    - target: {fileID: 6671311138785605388, guid: fabbb5762a72e664ab3af698cea5b61a,
        type: 3}
      propertyPath: m_LocalEulerAnglesHint.z
      value: 0
      objectReference: {fileID: 0}
    - target: {fileID: 7033544261584533156, guid: fabbb5762a72e664ab3af698cea5b61a,
        type: 3}
      propertyPath: m_Type
      value: 0
      objectReference: {fileID: 0}
    - target: {fileID: 7033544261584533156, guid: fabbb5762a72e664ab3af698cea5b61a,
        type: 3}
      propertyPath: m_Sprite
      value: 
      objectReference: {fileID: 21300000, guid: d91c71145e4f38343a35162f69f272ca,
        type: 3}
    - target: {fileID: 7485119097529871960, guid: fabbb5762a72e664ab3af698cea5b61a,
        type: 3}
      propertyPath: m_IsActive
      value: 1
      objectReference: {fileID: 0}
    - target: {fileID: 8195678214908066711, guid: fabbb5762a72e664ab3af698cea5b61a,
        type: 3}
      propertyPath: m_text
      value: LB
      objectReference: {fileID: 0}
    - target: {fileID: 8916493956976204185, guid: fabbb5762a72e664ab3af698cea5b61a,
        type: 3}
      propertyPath: m_Sprite
      value: 
      objectReference: {fileID: 21300000, guid: 0b321b49f691bfd4499759bc99326771,
        type: 3}
    - target: {fileID: 9217984151068193013, guid: fabbb5762a72e664ab3af698cea5b61a,
        type: 3}
      propertyPath: m_Pivot.x
      value: 1
      objectReference: {fileID: 0}
    - target: {fileID: 9217984151068193013, guid: fabbb5762a72e664ab3af698cea5b61a,
        type: 3}
      propertyPath: m_Pivot.y
      value: 1
      objectReference: {fileID: 0}
    - target: {fileID: 9217984151068193013, guid: fabbb5762a72e664ab3af698cea5b61a,
        type: 3}
      propertyPath: m_AnchorMax.x
      value: 1
      objectReference: {fileID: 0}
    - target: {fileID: 9217984151068193013, guid: fabbb5762a72e664ab3af698cea5b61a,
        type: 3}
      propertyPath: m_AnchorMin.x
      value: 1
      objectReference: {fileID: 0}
    - target: {fileID: 9217984151068193013, guid: fabbb5762a72e664ab3af698cea5b61a,
        type: 3}
      propertyPath: m_AnchoredPosition.x
      value: 37.399902
      objectReference: {fileID: 0}
    - target: {fileID: 9217984151068193013, guid: fabbb5762a72e664ab3af698cea5b61a,
        type: 3}
      propertyPath: m_AnchoredPosition.y
      value: 32.599987
      objectReference: {fileID: 0}
    m_RemovedComponents: []
  m_SourcePrefab: {fileID: 100100000, guid: fabbb5762a72e664ab3af698cea5b61a, type: 3}
--- !u!224 &3966247056006429215 stripped
RectTransform:
  m_CorrespondingSourceObject: {fileID: 6671311138785605388, guid: fabbb5762a72e664ab3af698cea5b61a,
    type: 3}
  m_PrefabInstance: {fileID: 7755113399966469395}
  m_PrefabAsset: {fileID: 0}
--- !u!1001 &8922819832610335641
PrefabInstance:
  m_ObjectHideFlags: 0
  serializedVersion: 2
  m_Modification:
    m_TransformParent: {fileID: 4018548037028463850}
    m_Modifications:
    - target: {fileID: 707703223561019443, guid: fabbb5762a72e664ab3af698cea5b61a,
        type: 3}
      propertyPath: m_Name
      value: Electricity
      objectReference: {fileID: 0}
    - target: {fileID: 707703223561019443, guid: fabbb5762a72e664ab3af698cea5b61a,
        type: 3}
      propertyPath: m_IsActive
      value: 1
      objectReference: {fileID: 0}
    - target: {fileID: 719295197300652582, guid: fabbb5762a72e664ab3af698cea5b61a,
        type: 3}
      propertyPath: m_SizeDelta.x
      value: 0
      objectReference: {fileID: 0}
    - target: {fileID: 1330765826491248817, guid: fabbb5762a72e664ab3af698cea5b61a,
        type: 3}
      propertyPath: m_SizeDelta.x
      value: 26.53
      objectReference: {fileID: 0}
    - target: {fileID: 1410517028741160797, guid: fabbb5762a72e664ab3af698cea5b61a,
        type: 3}
      propertyPath: m_text
      value: 
      objectReference: {fileID: 0}
    - target: {fileID: 1674916970491574951, guid: fabbb5762a72e664ab3af698cea5b61a,
        type: 3}
      propertyPath: m_IsActive
      value: 0
      objectReference: {fileID: 0}
    - target: {fileID: 3621940647998977424, guid: fabbb5762a72e664ab3af698cea5b61a,
        type: 3}
      propertyPath: m_Sprite
      value: 
      objectReference: {fileID: -47976007, guid: 86edf9fcee133074baa5e808ac890db3,
        type: 3}
    - target: {fileID: 4251414630675644538, guid: fabbb5762a72e664ab3af698cea5b61a,
        type: 3}
      propertyPath: m_Pivot.x
      value: 1
      objectReference: {fileID: 0}
    - target: {fileID: 4251414630675644538, guid: fabbb5762a72e664ab3af698cea5b61a,
        type: 3}
      propertyPath: m_Pivot.y
      value: 0.5
      objectReference: {fileID: 0}
    - target: {fileID: 4251414630675644538, guid: fabbb5762a72e664ab3af698cea5b61a,
        type: 3}
      propertyPath: m_AnchorMax.x
      value: 0
      objectReference: {fileID: 0}
    - target: {fileID: 4251414630675644538, guid: fabbb5762a72e664ab3af698cea5b61a,
        type: 3}
      propertyPath: m_AnchorMax.y
      value: 0.5
      objectReference: {fileID: 0}
    - target: {fileID: 4251414630675644538, guid: fabbb5762a72e664ab3af698cea5b61a,
        type: 3}
      propertyPath: m_AnchorMin.x
      value: 0
      objectReference: {fileID: 0}
    - target: {fileID: 4251414630675644538, guid: fabbb5762a72e664ab3af698cea5b61a,
        type: 3}
      propertyPath: m_AnchorMin.y
      value: 0.5
      objectReference: {fileID: 0}
    - target: {fileID: 4251414630675644538, guid: fabbb5762a72e664ab3af698cea5b61a,
        type: 3}
      propertyPath: m_AnchoredPosition.x
      value: -17.9
      objectReference: {fileID: 0}
    - target: {fileID: 4251414630675644538, guid: fabbb5762a72e664ab3af698cea5b61a,
        type: 3}
      propertyPath: m_AnchoredPosition.y
      value: 0
      objectReference: {fileID: 0}
    - target: {fileID: 5287389254288826520, guid: fabbb5762a72e664ab3af698cea5b61a,
        type: 3}
      propertyPath: baseAbilityCastPrefab
      value: 
      objectReference: {fileID: 1345138670462827578, guid: e50e19a5222f3d642b701b0db781d3e6,
        type: 3}
    - target: {fileID: 5472011819564380503, guid: fabbb5762a72e664ab3af698cea5b61a,
        type: 3}
      propertyPath: m_IsActive
      value: 0
      objectReference: {fileID: 0}
    - target: {fileID: 5866477564798807097, guid: fabbb5762a72e664ab3af698cea5b61a,
        type: 3}
      propertyPath: m_IsActive
      value: 0
      objectReference: {fileID: 0}
    - target: {fileID: 6419865482440676718, guid: fabbb5762a72e664ab3af698cea5b61a,
        type: 3}
      propertyPath: baseAbilityCastPrefab
      value: 
      objectReference: {fileID: 1345138670462827578, guid: e50e19a5222f3d642b701b0db781d3e6,
        type: 3}
    - target: {fileID: 6671311138785605388, guid: fabbb5762a72e664ab3af698cea5b61a,
        type: 3}
      propertyPath: m_Pivot.x
      value: 0.5
      objectReference: {fileID: 0}
    - target: {fileID: 6671311138785605388, guid: fabbb5762a72e664ab3af698cea5b61a,
        type: 3}
      propertyPath: m_Pivot.y
      value: 0.5
      objectReference: {fileID: 0}
    - target: {fileID: 6671311138785605388, guid: fabbb5762a72e664ab3af698cea5b61a,
        type: 3}
      propertyPath: m_RootOrder
      value: 5
      objectReference: {fileID: 0}
    - target: {fileID: 6671311138785605388, guid: fabbb5762a72e664ab3af698cea5b61a,
        type: 3}
      propertyPath: m_AnchorMax.x
      value: 0.5
      objectReference: {fileID: 0}
    - target: {fileID: 6671311138785605388, guid: fabbb5762a72e664ab3af698cea5b61a,
        type: 3}
      propertyPath: m_AnchorMax.y
      value: 0.5
      objectReference: {fileID: 0}
    - target: {fileID: 6671311138785605388, guid: fabbb5762a72e664ab3af698cea5b61a,
        type: 3}
      propertyPath: m_AnchorMin.x
      value: 0.5
      objectReference: {fileID: 0}
    - target: {fileID: 6671311138785605388, guid: fabbb5762a72e664ab3af698cea5b61a,
        type: 3}
      propertyPath: m_AnchorMin.y
      value: 0.5
      objectReference: {fileID: 0}
    - target: {fileID: 6671311138785605388, guid: fabbb5762a72e664ab3af698cea5b61a,
        type: 3}
      propertyPath: m_SizeDelta.x
      value: 80
      objectReference: {fileID: 0}
    - target: {fileID: 6671311138785605388, guid: fabbb5762a72e664ab3af698cea5b61a,
        type: 3}
      propertyPath: m_SizeDelta.y
      value: 100
      objectReference: {fileID: 0}
    - target: {fileID: 6671311138785605388, guid: fabbb5762a72e664ab3af698cea5b61a,
        type: 3}
      propertyPath: m_LocalPosition.x
      value: 0
      objectReference: {fileID: 0}
    - target: {fileID: 6671311138785605388, guid: fabbb5762a72e664ab3af698cea5b61a,
        type: 3}
      propertyPath: m_LocalPosition.y
      value: 0
      objectReference: {fileID: 0}
    - target: {fileID: 6671311138785605388, guid: fabbb5762a72e664ab3af698cea5b61a,
        type: 3}
      propertyPath: m_LocalPosition.z
      value: 0
      objectReference: {fileID: 0}
    - target: {fileID: 6671311138785605388, guid: fabbb5762a72e664ab3af698cea5b61a,
        type: 3}
      propertyPath: m_LocalRotation.w
      value: 1
      objectReference: {fileID: 0}
    - target: {fileID: 6671311138785605388, guid: fabbb5762a72e664ab3af698cea5b61a,
        type: 3}
      propertyPath: m_LocalRotation.x
      value: 0
      objectReference: {fileID: 0}
    - target: {fileID: 6671311138785605388, guid: fabbb5762a72e664ab3af698cea5b61a,
        type: 3}
      propertyPath: m_LocalRotation.y
      value: 0
      objectReference: {fileID: 0}
    - target: {fileID: 6671311138785605388, guid: fabbb5762a72e664ab3af698cea5b61a,
        type: 3}
      propertyPath: m_LocalRotation.z
      value: 0
      objectReference: {fileID: 0}
    - target: {fileID: 6671311138785605388, guid: fabbb5762a72e664ab3af698cea5b61a,
        type: 3}
      propertyPath: m_AnchoredPosition.x
      value: 120
      objectReference: {fileID: 0}
    - target: {fileID: 6671311138785605388, guid: fabbb5762a72e664ab3af698cea5b61a,
        type: 3}
      propertyPath: m_AnchoredPosition.y
      value: 0
      objectReference: {fileID: 0}
    - target: {fileID: 6671311138785605388, guid: fabbb5762a72e664ab3af698cea5b61a,
        type: 3}
      propertyPath: m_LocalEulerAnglesHint.x
      value: 0
      objectReference: {fileID: 0}
    - target: {fileID: 6671311138785605388, guid: fabbb5762a72e664ab3af698cea5b61a,
        type: 3}
      propertyPath: m_LocalEulerAnglesHint.y
      value: 0
      objectReference: {fileID: 0}
    - target: {fileID: 6671311138785605388, guid: fabbb5762a72e664ab3af698cea5b61a,
        type: 3}
      propertyPath: m_LocalEulerAnglesHint.z
      value: 0
      objectReference: {fileID: 0}
    - target: {fileID: 6922234527331258407, guid: fabbb5762a72e664ab3af698cea5b61a,
        type: 3}
      propertyPath: m_AnchoredPosition.x
      value: -112.2
      objectReference: {fileID: 0}
    - target: {fileID: 6922234527331258407, guid: fabbb5762a72e664ab3af698cea5b61a,
        type: 3}
      propertyPath: m_AnchoredPosition.y
      value: 29.9
      objectReference: {fileID: 0}
    - target: {fileID: 7033544261584533156, guid: fabbb5762a72e664ab3af698cea5b61a,
        type: 3}
      propertyPath: m_Sprite
      value: 
      objectReference: {fileID: 503009481, guid: afd03329d5a9fcd49a8da0b1e6453544,
        type: 3}
    - target: {fileID: 7485119097529871960, guid: fabbb5762a72e664ab3af698cea5b61a,
        type: 3}
      propertyPath: m_IsActive
      value: 1
      objectReference: {fileID: 0}
    - target: {fileID: 8195678214908066711, guid: fabbb5762a72e664ab3af698cea5b61a,
        type: 3}
      propertyPath: m_text
      value: LT
      objectReference: {fileID: 0}
    - target: {fileID: 8916493956976204185, guid: fabbb5762a72e664ab3af698cea5b61a,
        type: 3}
      propertyPath: m_Sprite
      value: 
      objectReference: {fileID: 21300000, guid: 42c6352989355f14c8e29a4b06f6b79f,
        type: 3}
    - target: {fileID: 9217984151068193013, guid: fabbb5762a72e664ab3af698cea5b61a,
        type: 3}
      propertyPath: m_Pivot.x
      value: 1
      objectReference: {fileID: 0}
    - target: {fileID: 9217984151068193013, guid: fabbb5762a72e664ab3af698cea5b61a,
        type: 3}
      propertyPath: m_Pivot.y
      value: 0.5
      objectReference: {fileID: 0}
    - target: {fileID: 9217984151068193013, guid: fabbb5762a72e664ab3af698cea5b61a,
        type: 3}
      propertyPath: m_AnchorMax.x
      value: 0
      objectReference: {fileID: 0}
    - target: {fileID: 9217984151068193013, guid: fabbb5762a72e664ab3af698cea5b61a,
        type: 3}
      propertyPath: m_AnchorMax.y
      value: 0.5
      objectReference: {fileID: 0}
    - target: {fileID: 9217984151068193013, guid: fabbb5762a72e664ab3af698cea5b61a,
        type: 3}
      propertyPath: m_AnchorMin.x
      value: 0
      objectReference: {fileID: 0}
    - target: {fileID: 9217984151068193013, guid: fabbb5762a72e664ab3af698cea5b61a,
        type: 3}
      propertyPath: m_AnchorMin.y
      value: 0.5
      objectReference: {fileID: 0}
    - target: {fileID: 9217984151068193013, guid: fabbb5762a72e664ab3af698cea5b61a,
        type: 3}
      propertyPath: m_SizeDelta.x
      value: 64
      objectReference: {fileID: 0}
    - target: {fileID: 9217984151068193013, guid: fabbb5762a72e664ab3af698cea5b61a,
        type: 3}
      propertyPath: m_SizeDelta.y
      value: 64
      objectReference: {fileID: 0}
    - target: {fileID: 9217984151068193013, guid: fabbb5762a72e664ab3af698cea5b61a,
        type: 3}
      propertyPath: m_AnchoredPosition.x
      value: -2
      objectReference: {fileID: 0}
    - target: {fileID: 9217984151068193013, guid: fabbb5762a72e664ab3af698cea5b61a,
        type: 3}
      propertyPath: m_AnchoredPosition.y
      value: 0
      objectReference: {fileID: 0}
    m_RemovedComponents: []
  m_SourcePrefab: {fileID: 100100000, guid: fabbb5762a72e664ab3af698cea5b61a, type: 3}
--- !u!224 &2828677824760552597 stripped
RectTransform:
  m_CorrespondingSourceObject: {fileID: 6671311138785605388, guid: fabbb5762a72e664ab3af698cea5b61a,
    type: 3}
  m_PrefabInstance: {fileID: 8922819832610335641}
  m_PrefabAsset: {fileID: 0}
