%YAML 1.1
%TAG !u! tag:unity3d.com,2011:
--- !u!1 &2871414556310204954
GameObject:
  m_ObjectHideFlags: 0
  m_CorrespondingSourceObject: {fileID: 0}
  m_PrefabInstance: {fileID: 0}
  m_PrefabAsset: {fileID: 0}
  serializedVersion: 6
  m_Component:
  - component: {fileID: 5867862091945004906}
  - component: {fileID: 5794526722840306415}
  - component: {fileID: 3136048049700853392}
  m_Layer: 5
  m_Name: Arrow
  m_TagString: Untagged
  m_Icon: {fileID: 0}
  m_NavMeshLayer: 0
  m_StaticEditorFlags: 0
  m_IsActive: 1
--- !u!224 &5867862091945004906
RectTransform:
  m_ObjectHideFlags: 0
  m_CorrespondingSourceObject: {fileID: 0}
  m_PrefabInstance: {fileID: 0}
  m_PrefabAsset: {fileID: 0}
  m_GameObject: {fileID: 2871414556310204954}
  m_LocalRotation: {x: 0, y: 0, z: 0.7071068, w: 0.7071068}
  m_LocalPosition: {x: 0, y: 0, z: 0}
  m_LocalScale: {x: 1, y: 1, z: 1}
  m_ConstrainProportionsScale: 0
  m_Children:
  - {fileID: 7109898708639442589}
  m_Father: {fileID: 1467571283734655124}
  m_RootOrder: 0
  m_LocalEulerAnglesHint: {x: 0, y: 0, z: 90}
  m_AnchorMin: {x: 0.5, y: 0.5}
  m_AnchorMax: {x: 0.5, y: 0.5}
  m_AnchoredPosition: {x: 0, y: -97.1}
  m_SizeDelta: {x: 31, y: 48}
  m_Pivot: {x: 0.5, y: 0.5}
--- !u!222 &5794526722840306415
CanvasRenderer:
  m_ObjectHideFlags: 0
  m_CorrespondingSourceObject: {fileID: 0}
  m_PrefabInstance: {fileID: 0}
  m_PrefabAsset: {fileID: 0}
  m_GameObject: {fileID: 2871414556310204954}
  m_CullTransparentMesh: 1
--- !u!114 &3136048049700853392
MonoBehaviour:
  m_ObjectHideFlags: 0
  m_CorrespondingSourceObject: {fileID: 0}
  m_PrefabInstance: {fileID: 0}
  m_PrefabAsset: {fileID: 0}
  m_GameObject: {fileID: 2871414556310204954}
  m_Enabled: 1
  m_EditorHideFlags: 0
  m_Script: {fileID: 11500000, guid: fe87c0e1cc204ed48ad3b37840f39efc, type: 3}
  m_Name: 
  m_EditorClassIdentifier: 
  m_Material: {fileID: 0}
  m_Color: {r: 1, g: 1, b: 1, a: 1}
  m_RaycastTarget: 1
  m_RaycastPadding: {x: 0, y: 0, z: 0, w: 0}
  m_Maskable: 1
  m_OnCullStateChanged:
    m_PersistentCalls:
      m_Calls: []
  m_Sprite: {fileID: -89281693, guid: afd03329d5a9fcd49a8da0b1e6453544, type: 3}
  m_Type: 0
  m_PreserveAspect: 0
  m_FillCenter: 1
  m_FillMethod: 4
  m_FillAmount: 1
  m_FillClockwise: 1
  m_FillOrigin: 0
  m_UseSpriteMesh: 0
  m_PixelsPerUnitMultiplier: 1
--- !u!1 &5266467053831602529
GameObject:
  m_ObjectHideFlags: 0
  m_CorrespondingSourceObject: {fileID: 0}
  m_PrefabInstance: {fileID: 0}
  m_PrefabAsset: {fileID: 0}
  serializedVersion: 6
  m_Component:
  - component: {fileID: 1467571283734655124}
  - component: {fileID: 5716800046714585006}
  - component: {fileID: 2319023536745207128}
  - component: {fileID: 7333384730216758599}
  m_Layer: 5
  m_Name: DownScreenButtonText
  m_TagString: Untagged
  m_Icon: {fileID: 0}
  m_NavMeshLayer: 0
  m_StaticEditorFlags: 0
  m_IsActive: 1
--- !u!224 &1467571283734655124
RectTransform:
  m_ObjectHideFlags: 0
  m_CorrespondingSourceObject: {fileID: 0}
  m_PrefabInstance: {fileID: 0}
  m_PrefabAsset: {fileID: 0}
  m_GameObject: {fileID: 5266467053831602529}
  m_LocalRotation: {x: 0, y: 0, z: 0, w: 1}
  m_LocalPosition: {x: 0, y: 0, z: 0}
  m_LocalScale: {x: 1, y: 1, z: 1}
  m_ConstrainProportionsScale: 0
  m_Children:
  - {fileID: 5867862091945004906}
  m_Father: {fileID: 0}
  m_RootOrder: 0
  m_LocalEulerAnglesHint: {x: 0, y: 0, z: 0}
  m_AnchorMin: {x: 0.5, y: 0}
  m_AnchorMax: {x: 0.5, y: 0}
  m_AnchoredPosition: {x: 0, y: -16}
  m_SizeDelta: {x: 0, y: 64}
  m_Pivot: {x: 0.5, y: 0}
--- !u!222 &5716800046714585006
CanvasRenderer:
  m_ObjectHideFlags: 0
  m_CorrespondingSourceObject: {fileID: 0}
  m_PrefabInstance: {fileID: 0}
  m_PrefabAsset: {fileID: 0}
  m_GameObject: {fileID: 5266467053831602529}
  m_CullTransparentMesh: 1
--- !u!114 &2319023536745207128
MonoBehaviour:
  m_ObjectHideFlags: 0
  m_CorrespondingSourceObject: {fileID: 0}
  m_PrefabInstance: {fileID: 0}
  m_PrefabAsset: {fileID: 0}
  m_GameObject: {fileID: 5266467053831602529}
  m_Enabled: 1
  m_EditorHideFlags: 0
  m_Script: {fileID: 11500000, guid: df4956ac515b15542a2bd43d76d8b6bc, type: 3}
  m_Name: 
  m_EditorClassIdentifier: 
  playerAbilities: {fileID: 11400000, guid: 843e793a5f4d0a34f8a36be49d10e8cb, type: 2}
--- !u!114 &7333384730216758599
MonoBehaviour:
  m_ObjectHideFlags: 0
  m_CorrespondingSourceObject: {fileID: 0}
  m_PrefabInstance: {fileID: 0}
  m_PrefabAsset: {fileID: 0}
  m_GameObject: {fileID: 5266467053831602529}
  m_Enabled: 1
  m_EditorHideFlags: 0
  m_Script: {fileID: 11500000, guid: 437906dce54857544be68ab7700806e6, type: 3}
  m_Name: 
  m_EditorClassIdentifier: 
  buttonPromp: {fileID: 5040709376604992474}
--- !u!1001 &6518606595744974151
PrefabInstance:
  m_ObjectHideFlags: 0
  serializedVersion: 2
  m_Modification:
    m_TransformParent: {fileID: 5867862091945004906}
    m_Modifications:
    - target: {fileID: 493597745693989170, guid: 03202f8f60971154eae97ab3f1bf62fd,
        type: 3}
      propertyPath: m_Color.a
      value: 1
      objectReference: {fileID: 0}
    - target: {fileID: 868316705897506124, guid: 03202f8f60971154eae97ab3f1bf62fd,
        type: 3}
      propertyPath: m_fieldName
      value: ExitTutorialPanelText
      objectReference: {fileID: 0}
    - target: {fileID: 1215750219148981922, guid: 03202f8f60971154eae97ab3f1bf62fd,
        type: 3}
      propertyPath: m_IsActive
      value: 1
      objectReference: {fileID: 0}
    - target: {fileID: 2270531445046949533, guid: 03202f8f60971154eae97ab3f1bf62fd,
        type: 3}
      propertyPath: useData
      value: 0
      objectReference: {fileID: 0}
    - target: {fileID: 2270531445046949533, guid: 03202f8f60971154eae97ab3f1bf62fd,
        type: 3}
      propertyPath: buttonPromptIndex
      value: 7
      objectReference: {fileID: 0}
    - target: {fileID: 2270531445046949533, guid: 03202f8f60971154eae97ab3f1bf62fd,
        type: 3}
      propertyPath: showLeftButtonImage
      value: 1
      objectReference: {fileID: 0}
    - target: {fileID: 2270531445046949533, guid: 03202f8f60971154eae97ab3f1bf62fd,
        type: 3}
      propertyPath: playFadeInOutAnimation
      value: 0
      objectReference: {fileID: 0}
    - target: {fileID: 2594021461806782451, guid: 03202f8f60971154eae97ab3f1bf62fd,
        type: 3}
      propertyPath: m_fieldName
      value: InteractTextCursceneButtonInteract
      objectReference: {fileID: 0}
    - target: {fileID: 2967731744825640804, guid: 03202f8f60971154eae97ab3f1bf62fd,
        type: 3}
      propertyPath: m_SizeDelta.x
      value: -8
      objectReference: {fileID: 0}
    - target: {fileID: 2967731744825640804, guid: 03202f8f60971154eae97ab3f1bf62fd,
        type: 3}
      propertyPath: m_SizeDelta.y
      value: -8
      objectReference: {fileID: 0}
    - target: {fileID: 2967731744825640804, guid: 03202f8f60971154eae97ab3f1bf62fd,
        type: 3}
      propertyPath: m_AnchoredPosition.x
      value: 0
      objectReference: {fileID: 0}
    - target: {fileID: 2967731744825640804, guid: 03202f8f60971154eae97ab3f1bf62fd,
        type: 3}
      propertyPath: m_AnchoredPosition.y
      value: 0
      objectReference: {fileID: 0}
    - target: {fileID: 3732057913277208014, guid: 03202f8f60971154eae97ab3f1bf62fd,
        type: 3}
      propertyPath: m_text
      value: 'to exit dflkdsjflkjdslkfljdslkjf

'
      objectReference: {fileID: 0}
    - target: {fileID: 3732057913277208014, guid: 03202f8f60971154eae97ab3f1bf62fd,
        type: 3}
      propertyPath: m_fontSize
      value: 38
      objectReference: {fileID: 0}
    - target: {fileID: 3732057913277208014, guid: 03202f8f60971154eae97ab3f1bf62fd,
        type: 3}
      propertyPath: m_StyleSheet
      value: 
      objectReference: {fileID: 11400000, guid: f952c082cb03451daed3ee968ac6c63e,
        type: 2}
    - target: {fileID: 3732057913277208014, guid: 03202f8f60971154eae97ab3f1bf62fd,
        type: 3}
      propertyPath: m_fontColor.a
      value: 1
      objectReference: {fileID: 0}
    - target: {fileID: 3732057913277208014, guid: 03202f8f60971154eae97ab3f1bf62fd,
        type: 3}
      propertyPath: m_fontSizeBase
      value: 38
      objectReference: {fileID: 0}
    - target: {fileID: 3732057913277208014, guid: 03202f8f60971154eae97ab3f1bf62fd,
        type: 3}
      propertyPath: m_fontColor32.rgba
      value: 4294967295
      objectReference: {fileID: 0}
    - target: {fileID: 3788502791674406407, guid: 03202f8f60971154eae97ab3f1bf62fd,
        type: 3}
      propertyPath: animationParts.ObjectState
      value: 1
      objectReference: {fileID: 0}
    - target: {fileID: 4071128974988577714, guid: 03202f8f60971154eae97ab3f1bf62fd,
        type: 3}
      propertyPath: m_AnchorMax.x
      value: 0
      objectReference: {fileID: 0}
    - target: {fileID: 4071128974988577714, guid: 03202f8f60971154eae97ab3f1bf62fd,
        type: 3}
      propertyPath: m_AnchorMax.y
      value: 0.5
      objectReference: {fileID: 0}
    - target: {fileID: 4071128974988577714, guid: 03202f8f60971154eae97ab3f1bf62fd,
        type: 3}
      propertyPath: m_AnchorMin.x
      value: 0
      objectReference: {fileID: 0}
    - target: {fileID: 4071128974988577714, guid: 03202f8f60971154eae97ab3f1bf62fd,
        type: 3}
      propertyPath: m_AnchorMin.y
      value: 0.5
      objectReference: {fileID: 0}
    - target: {fileID: 4071128974988577714, guid: 03202f8f60971154eae97ab3f1bf62fd,
        type: 3}
      propertyPath: m_SizeDelta.x
      value: 48
      objectReference: {fileID: 0}
    - target: {fileID: 4071128974988577714, guid: 03202f8f60971154eae97ab3f1bf62fd,
        type: 3}
      propertyPath: m_SizeDelta.y
      value: 48
      objectReference: {fileID: 0}
    - target: {fileID: 4071128974988577714, guid: 03202f8f60971154eae97ab3f1bf62fd,
        type: 3}
      propertyPath: m_AnchoredPosition.x
      value: -2
      objectReference: {fileID: 0}
    - target: {fileID: 4071128974988577714, guid: 03202f8f60971154eae97ab3f1bf62fd,
        type: 3}
      propertyPath: m_AnchoredPosition.y
      value: 0
      objectReference: {fileID: 0}
    - target: {fileID: 4097661161893503962, guid: 03202f8f60971154eae97ab3f1bf62fd,
        type: 3}
      propertyPath: m_Pivot.x
      value: 0.5
      objectReference: {fileID: 0}
    - target: {fileID: 4097661161893503962, guid: 03202f8f60971154eae97ab3f1bf62fd,
        type: 3}
      propertyPath: m_Pivot.y
      value: 0
      objectReference: {fileID: 0}
    - target: {fileID: 4097661161893503962, guid: 03202f8f60971154eae97ab3f1bf62fd,
        type: 3}
      propertyPath: m_RootOrder
      value: 0
      objectReference: {fileID: 0}
    - target: {fileID: 4097661161893503962, guid: 03202f8f60971154eae97ab3f1bf62fd,
        type: 3}
      propertyPath: m_AnchorMax.x
      value: 1
      objectReference: {fileID: 0}
    - target: {fileID: 4097661161893503962, guid: 03202f8f60971154eae97ab3f1bf62fd,
        type: 3}
      propertyPath: m_AnchorMax.y
      value: 0.5
      objectReference: {fileID: 0}
    - target: {fileID: 4097661161893503962, guid: 03202f8f60971154eae97ab3f1bf62fd,
        type: 3}
      propertyPath: m_AnchorMin.x
      value: 1
      objectReference: {fileID: 0}
    - target: {fileID: 4097661161893503962, guid: 03202f8f60971154eae97ab3f1bf62fd,
        type: 3}
      propertyPath: m_AnchorMin.y
      value: 0.5
      objectReference: {fileID: 0}
    - target: {fileID: 4097661161893503962, guid: 03202f8f60971154eae97ab3f1bf62fd,
        type: 3}
      propertyPath: m_SizeDelta.x
      value: 0
      objectReference: {fileID: 0}
    - target: {fileID: 4097661161893503962, guid: 03202f8f60971154eae97ab3f1bf62fd,
        type: 3}
      propertyPath: m_SizeDelta.y
      value: 37
      objectReference: {fileID: 0}
    - target: {fileID: 4097661161893503962, guid: 03202f8f60971154eae97ab3f1bf62fd,
        type: 3}
      propertyPath: m_LocalPosition.x
      value: 0
      objectReference: {fileID: 0}
    - target: {fileID: 4097661161893503962, guid: 03202f8f60971154eae97ab3f1bf62fd,
        type: 3}
      propertyPath: m_LocalPosition.y
      value: 0
      objectReference: {fileID: 0}
    - target: {fileID: 4097661161893503962, guid: 03202f8f60971154eae97ab3f1bf62fd,
        type: 3}
      propertyPath: m_LocalPosition.z
      value: 0
      objectReference: {fileID: 0}
    - target: {fileID: 4097661161893503962, guid: 03202f8f60971154eae97ab3f1bf62fd,
        type: 3}
      propertyPath: m_LocalRotation.w
      value: 0.7071068
      objectReference: {fileID: 0}
    - target: {fileID: 4097661161893503962, guid: 03202f8f60971154eae97ab3f1bf62fd,
        type: 3}
      propertyPath: m_LocalRotation.x
      value: -0
      objectReference: {fileID: 0}
    - target: {fileID: 4097661161893503962, guid: 03202f8f60971154eae97ab3f1bf62fd,
        type: 3}
      propertyPath: m_LocalRotation.y
      value: -0
      objectReference: {fileID: 0}
    - target: {fileID: 4097661161893503962, guid: 03202f8f60971154eae97ab3f1bf62fd,
        type: 3}
      propertyPath: m_LocalRotation.z
      value: -0.7071068
      objectReference: {fileID: 0}
    - target: {fileID: 4097661161893503962, guid: 03202f8f60971154eae97ab3f1bf62fd,
        type: 3}
      propertyPath: m_AnchoredPosition.x
      value: 4
      objectReference: {fileID: 0}
    - target: {fileID: 4097661161893503962, guid: 03202f8f60971154eae97ab3f1bf62fd,
        type: 3}
      propertyPath: m_AnchoredPosition.y
      value: -18
      objectReference: {fileID: 0}
    - target: {fileID: 4097661161893503962, guid: 03202f8f60971154eae97ab3f1bf62fd,
        type: 3}
      propertyPath: m_LocalEulerAnglesHint.x
      value: 0
      objectReference: {fileID: 0}
    - target: {fileID: 4097661161893503962, guid: 03202f8f60971154eae97ab3f1bf62fd,
        type: 3}
      propertyPath: m_LocalEulerAnglesHint.y
      value: 0
      objectReference: {fileID: 0}
    - target: {fileID: 4097661161893503962, guid: 03202f8f60971154eae97ab3f1bf62fd,
        type: 3}
      propertyPath: m_LocalEulerAnglesHint.z
      value: 0
      objectReference: {fileID: 0}
    - target: {fileID: 4787941061114674575, guid: 03202f8f60971154eae97ab3f1bf62fd,
        type: 3}
      propertyPath: m_IsActive
      value: 1
      objectReference: {fileID: 0}
    - target: {fileID: 4847124234055323236, guid: 03202f8f60971154eae97ab3f1bf62fd,
        type: 3}
      propertyPath: m_text
      value: Esc
      objectReference: {fileID: 0}
    - target: {fileID: 4847124234055323236, guid: 03202f8f60971154eae97ab3f1bf62fd,
        type: 3}
      propertyPath: m_fontSize
      value: 24.05
      objectReference: {fileID: 0}
    - target: {fileID: 4847124234055323236, guid: 03202f8f60971154eae97ab3f1bf62fd,
        type: 3}
      propertyPath: m_fontSizeMin
      value: 14
      objectReference: {fileID: 0}
    - target: {fileID: 5775255442776460639, guid: 03202f8f60971154eae97ab3f1bf62fd,
        type: 3}
      propertyPath: m_Sprite
      value: 
      objectReference: {fileID: -979697575, guid: afd03329d5a9fcd49a8da0b1e6453544,
        type: 3}
    - target: {fileID: 5775255442776460639, guid: 03202f8f60971154eae97ab3f1bf62fd,
        type: 3}
      propertyPath: m_Color.a
      value: 1
      objectReference: {fileID: 0}
    - target: {fileID: 6574106559360953929, guid: 03202f8f60971154eae97ab3f1bf62fd,
        type: 3}
      propertyPath: m_Name
      value: ButtonPromptToExit
      objectReference: {fileID: 0}
    - target: {fileID: 6830869306834839129, guid: 03202f8f60971154eae97ab3f1bf62fd,
        type: 3}
      propertyPath: m_IsActive
      value: 1
      objectReference: {fileID: 0}
    - target: {fileID: 7756342391251817900, guid: 03202f8f60971154eae97ab3f1bf62fd,
        type: 3}
      propertyPath: m_AnchorMax.x
      value: 0.5
      objectReference: {fileID: 0}
    - target: {fileID: 7756342391251817900, guid: 03202f8f60971154eae97ab3f1bf62fd,
        type: 3}
      propertyPath: m_AnchorMax.y
      value: 0.5
      objectReference: {fileID: 0}
    - target: {fileID: 7756342391251817900, guid: 03202f8f60971154eae97ab3f1bf62fd,
        type: 3}
      propertyPath: m_AnchorMin.x
      value: 0.5
      objectReference: {fileID: 0}
    - target: {fileID: 7756342391251817900, guid: 03202f8f60971154eae97ab3f1bf62fd,
        type: 3}
      propertyPath: m_AnchorMin.y
      value: 0.5
      objectReference: {fileID: 0}
    - target: {fileID: 7756342391251817900, guid: 03202f8f60971154eae97ab3f1bf62fd,
        type: 3}
      propertyPath: m_SizeDelta.x
      value: 0
      objectReference: {fileID: 0}
    - target: {fileID: 7756342391251817900, guid: 03202f8f60971154eae97ab3f1bf62fd,
        type: 3}
      propertyPath: m_AnchoredPosition.x
      value: 0
      objectReference: {fileID: 0}
    - target: {fileID: 7756342391251817900, guid: 03202f8f60971154eae97ab3f1bf62fd,
        type: 3}
      propertyPath: m_AnchoredPosition.y
      value: 8
      objectReference: {fileID: 0}
    m_RemovedComponents:
    - {fileID: 3788502791674406407, guid: 03202f8f60971154eae97ab3f1bf62fd, type: 3}
    - {fileID: 490125489946532743, guid: 03202f8f60971154eae97ab3f1bf62fd, type: 3}
  m_SourcePrefab: {fileID: 100100000, guid: 03202f8f60971154eae97ab3f1bf62fd, type: 3}
--- !u!114 &5040709376604992474 stripped
MonoBehaviour:
  m_CorrespondingSourceObject: {fileID: 2270531445046949533, guid: 03202f8f60971154eae97ab3f1bf62fd,
    type: 3}
  m_PrefabInstance: {fileID: 6518606595744974151}
  m_PrefabAsset: {fileID: 0}
  m_GameObject: {fileID: 0}
  m_Enabled: 1
  m_EditorHideFlags: 0
  m_Script: {fileID: 11500000, guid: 59b5d50ac99166e4587d6bbd9fd52217, type: 3}
  m_Name: 
  m_EditorClassIdentifier: 
--- !u!224 &7109898708639442589 stripped
RectTransform:
  m_CorrespondingSourceObject: {fileID: 4097661161893503962, guid: 03202f8f60971154eae97ab3f1bf62fd,
    type: 3}
  m_PrefabInstance: {fileID: 6518606595744974151}
  m_PrefabAsset: {fileID: 0}
