%YAML 1.1
%TAG !u! tag:unity3d.com,2011:
--- !u!1 &2060129214884445578
GameObject:
  m_ObjectHideFlags: 0
  m_CorrespondingSourceObject: {fileID: 0}
  m_PrefabInstance: {fileID: 0}
  m_PrefabAsset: {fileID: 0}
  serializedVersion: 6
  m_Component:
  - component: {fileID: 7863833897818691143}
  - component: {fileID: 3313317997626833443}
  m_Layer: 5
  m_Name: EffectPivot
  m_TagString: Untagged
  m_Icon: {fileID: 0}
  m_NavMeshLayer: 0
  m_StaticEditorFlags: 0
  m_IsActive: 1
--- !u!224 &7863833897818691143
RectTransform:
  m_ObjectHideFlags: 0
  m_CorrespondingSourceObject: {fileID: 0}
  m_PrefabInstance: {fileID: 0}
  m_PrefabAsset: {fileID: 0}
  m_GameObject: {fileID: 2060129214884445578}
  m_LocalRotation: {x: 0, y: 0, z: 0, w: 1}
  m_LocalPosition: {x: 0, y: 0, z: 0}
  m_LocalScale: {x: 1, y: 1, z: 1}
  m_ConstrainProportionsScale: 0
  m_Children:
  - {fileID: 4940880644654904117}
  m_Father: {fileID: 8944286928544279230}
  m_RootOrder: 1
  m_LocalEulerAnglesHint: {x: 0, y: 0, z: 0}
  m_AnchorMin: {x: 0.5, y: 0.5}
  m_AnchorMax: {x: 0.5, y: 0.5}
  m_AnchoredPosition: {x: 0, y: 0}
  m_SizeDelta: {x: 124, y: 124}
  m_Pivot: {x: 0.5, y: 0.5}
--- !u!114 &3313317997626833443
MonoBehaviour:
  m_ObjectHideFlags: 0
  m_CorrespondingSourceObject: {fileID: 0}
  m_PrefabInstance: {fileID: 0}
  m_PrefabAsset: {fileID: 0}
  m_GameObject: {fileID: 2060129214884445578}
  m_Enabled: 1
  m_EditorHideFlags: 0
  m_Script: {fileID: 11500000, guid: ac74a6acab3470f47877851b38e7cad1, type: 3}
  m_Name: 
  m_EditorClassIdentifier: 
  target: {fileID: 4825005275338625892}
  velocity: 10
  offset: -50
  moveOnAwake: 0
  showDebugGuide: 0
  path: 0.235
--- !u!1 &2681488658286449693
GameObject:
  m_ObjectHideFlags: 0
  m_CorrespondingSourceObject: {fileID: 0}
  m_PrefabInstance: {fileID: 0}
  m_PrefabAsset: {fileID: 0}
  serializedVersion: 6
  m_Component:
  - component: {fileID: 3330270394501107839}
  - component: {fileID: 8063426154395741504}
  - component: {fileID: 762973394756476}
  m_Layer: 5
  m_Name: EnergyBackground
  m_TagString: Untagged
  m_Icon: {fileID: 0}
  m_NavMeshLayer: 0
  m_StaticEditorFlags: 0
  m_IsActive: 1
--- !u!224 &3330270394501107839
RectTransform:
  m_ObjectHideFlags: 0
  m_CorrespondingSourceObject: {fileID: 0}
  m_PrefabInstance: {fileID: 0}
  m_PrefabAsset: {fileID: 0}
  m_GameObject: {fileID: 2681488658286449693}
  m_LocalRotation: {x: -0, y: -0, z: -0, w: 1}
  m_LocalPosition: {x: 0, y: 0, z: 0}
  m_LocalScale: {x: 1, y: 1, z: 1}
  m_ConstrainProportionsScale: 0
  m_Children: []
  m_Father: {fileID: 8944286928544279230}
  m_RootOrder: 2
  m_LocalEulerAnglesHint: {x: 0, y: 0, z: 0}
  m_AnchorMin: {x: 0, y: 0}
  m_AnchorMax: {x: 1, y: 1}
  m_AnchoredPosition: {x: 0.000015258789, y: 0}
  m_SizeDelta: {x: 0, y: 0}
  m_Pivot: {x: 0.5, y: 0.5}
--- !u!222 &8063426154395741504
CanvasRenderer:
  m_ObjectHideFlags: 0
  m_CorrespondingSourceObject: {fileID: 0}
  m_PrefabInstance: {fileID: 0}
  m_PrefabAsset: {fileID: 0}
  m_GameObject: {fileID: 2681488658286449693}
  m_CullTransparentMesh: 1
--- !u!114 &762973394756476
MonoBehaviour:
  m_ObjectHideFlags: 0
  m_CorrespondingSourceObject: {fileID: 0}
  m_PrefabInstance: {fileID: 0}
  m_PrefabAsset: {fileID: 0}
  m_GameObject: {fileID: 2681488658286449693}
  m_Enabled: 1
  m_EditorHideFlags: 0
  m_Script: {fileID: 11500000, guid: fe87c0e1cc204ed48ad3b37840f39efc, type: 3}
  m_Name: 
  m_EditorClassIdentifier: 
  m_Material: {fileID: 0}
  m_Color: {r: 1, g: 1, b: 1, a: 1}
  m_RaycastTarget: 0
  m_RaycastPadding: {x: 0, y: 0, z: 0, w: 0}
  m_Maskable: 1
  m_OnCullStateChanged:
    m_PersistentCalls:
      m_Calls: []
  m_Sprite: {fileID: -1091469041, guid: abbf1c838a82f8e44a78a1e296d5ebb7, type: 3}
  m_Type: 0
  m_PreserveAspect: 1
  m_FillCenter: 1
  m_FillMethod: 1
  m_FillAmount: 0.51
  m_FillClockwise: 1
  m_FillOrigin: 0
  m_UseSpriteMesh: 0
  m_PixelsPerUnitMultiplier: 1
--- !u!1 &6215040123152637230
GameObject:
  m_ObjectHideFlags: 0
  m_CorrespondingSourceObject: {fileID: 0}
  m_PrefabInstance: {fileID: 0}
  m_PrefabAsset: {fileID: 0}
  serializedVersion: 6
  m_Component:
  - component: {fileID: 4825005275338625892}
  m_Layer: 5
  m_Name: Target
  m_TagString: Untagged
  m_Icon: {fileID: 0}
  m_NavMeshLayer: 0
  m_StaticEditorFlags: 0
  m_IsActive: 1
--- !u!224 &4825005275338625892
RectTransform:
  m_ObjectHideFlags: 0
  m_CorrespondingSourceObject: {fileID: 0}
  m_PrefabInstance: {fileID: 0}
  m_PrefabAsset: {fileID: 0}
  m_GameObject: {fileID: 6215040123152637230}
  m_LocalRotation: {x: 0, y: 0, z: 0, w: 1}
  m_LocalPosition: {x: 0, y: 0, z: 0}
  m_LocalScale: {x: 1, y: 1, z: 1}
  m_ConstrainProportionsScale: 0
  m_Children: []
  m_Father: {fileID: 8944286928544279230}
  m_RootOrder: 4
  m_LocalEulerAnglesHint: {x: 0, y: 0, z: 0}
  m_AnchorMin: {x: 0.5, y: 0.5}
  m_AnchorMax: {x: 0.5, y: 0.5}
  m_AnchoredPosition: {x: 0, y: 0}
  m_SizeDelta: {x: 124, y: 124}
  m_Pivot: {x: 0.5, y: 0.5}
--- !u!1 &7543218329727174061
GameObject:
  m_ObjectHideFlags: 0
  m_CorrespondingSourceObject: {fileID: 0}
  m_PrefabInstance: {fileID: 0}
  m_PrefabAsset: {fileID: 0}
  serializedVersion: 6
  m_Component:
  - component: {fileID: 3900187406962286311}
  - component: {fileID: 2197685308444099233}
  - component: {fileID: 727373568213377696}
  m_Layer: 5
  m_Name: EnergyFill
  m_TagString: Untagged
  m_Icon: {fileID: 0}
  m_NavMeshLayer: 0
  m_StaticEditorFlags: 0
  m_IsActive: 1
--- !u!224 &3900187406962286311
RectTransform:
  m_ObjectHideFlags: 0
  m_CorrespondingSourceObject: {fileID: 0}
  m_PrefabInstance: {fileID: 0}
  m_PrefabAsset: {fileID: 0}
  m_GameObject: {fileID: 7543218329727174061}
  m_LocalRotation: {x: -0, y: -0, z: -0, w: 1}
  m_LocalPosition: {x: 0, y: 0, z: 0}
  m_LocalScale: {x: 1, y: 1, z: 1}
  m_ConstrainProportionsScale: 0
  m_Children: []
  m_Father: {fileID: 8944286928544279230}
  m_RootOrder: 3
  m_LocalEulerAnglesHint: {x: 0, y: 0, z: 0}
  m_AnchorMin: {x: 0, y: 0}
  m_AnchorMax: {x: 1, y: 1}
  m_AnchoredPosition: {x: 0.000015258789, y: 0}
  m_SizeDelta: {x: 0, y: 0}
  m_Pivot: {x: 0.5, y: 0.5}
--- !u!222 &2197685308444099233
CanvasRenderer:
  m_ObjectHideFlags: 0
  m_CorrespondingSourceObject: {fileID: 0}
  m_PrefabInstance: {fileID: 0}
  m_PrefabAsset: {fileID: 0}
  m_GameObject: {fileID: 7543218329727174061}
  m_CullTransparentMesh: 1
--- !u!114 &727373568213377696
MonoBehaviour:
  m_ObjectHideFlags: 0
  m_CorrespondingSourceObject: {fileID: 0}
  m_PrefabInstance: {fileID: 0}
  m_PrefabAsset: {fileID: 0}
  m_GameObject: {fileID: 7543218329727174061}
  m_Enabled: 1
  m_EditorHideFlags: 0
  m_Script: {fileID: 11500000, guid: fe87c0e1cc204ed48ad3b37840f39efc, type: 3}
  m_Name: 
  m_EditorClassIdentifier: 
  m_Material: {fileID: 0}
  m_Color: {r: 1, g: 1, b: 1, a: 1}
  m_RaycastTarget: 0
  m_RaycastPadding: {x: 0, y: 0, z: 0, w: 0}
  m_Maskable: 1
  m_OnCullStateChanged:
    m_PersistentCalls:
      m_Calls: []
  m_Sprite: {fileID: -1845302332, guid: abbf1c838a82f8e44a78a1e296d5ebb7, type: 3}
  m_Type: 3
  m_PreserveAspect: 1
  m_FillCenter: 1
  m_FillMethod: 1
  m_FillAmount: 0.492
  m_FillClockwise: 1
  m_FillOrigin: 0
  m_UseSpriteMesh: 0
  m_PixelsPerUnitMultiplier: 1
--- !u!1 &7862652739264743626
GameObject:
  m_ObjectHideFlags: 0
  m_CorrespondingSourceObject: {fileID: 0}
  m_PrefabInstance: {fileID: 0}
  m_PrefabAsset: {fileID: 0}
  serializedVersion: 6
  m_Component:
  - component: {fileID: 4940880644654904117}
  - component: {fileID: 3842943972643850646}
  - component: {fileID: 7328802860664717127}
  - component: {fileID: 5802531473015647966}
  m_Layer: 5
  m_Name: Effect
  m_TagString: Untagged
  m_Icon: {fileID: 0}
  m_NavMeshLayer: 0
  m_StaticEditorFlags: 0
  m_IsActive: 1
--- !u!224 &4940880644654904117
RectTransform:
  m_ObjectHideFlags: 0
  m_CorrespondingSourceObject: {fileID: 0}
  m_PrefabInstance: {fileID: 0}
  m_PrefabAsset: {fileID: 0}
  m_GameObject: {fileID: 7862652739264743626}
  m_LocalRotation: {x: -0, y: -0, z: -0, w: 1}
  m_LocalPosition: {x: 0, y: 0, z: 0}
  m_LocalScale: {x: 1, y: 1, z: 1}
  m_ConstrainProportionsScale: 0
  m_Children: []
  m_Father: {fileID: 7863833897818691143}
  m_RootOrder: 0
  m_LocalEulerAnglesHint: {x: 0, y: 0, z: 0}
  m_AnchorMin: {x: 0, y: 0}
  m_AnchorMax: {x: 1, y: 1}
  m_AnchoredPosition: {x: 0, y: 0}
  m_SizeDelta: {x: 0, y: 0}
  m_Pivot: {x: 0.5, y: 0.5}
--- !u!222 &3842943972643850646
CanvasRenderer:
  m_ObjectHideFlags: 0
  m_CorrespondingSourceObject: {fileID: 0}
  m_PrefabInstance: {fileID: 0}
  m_PrefabAsset: {fileID: 0}
  m_GameObject: {fileID: 7862652739264743626}
  m_CullTransparentMesh: 1
--- !u!114 &7328802860664717127
MonoBehaviour:
  m_ObjectHideFlags: 0
  m_CorrespondingSourceObject: {fileID: 0}
  m_PrefabInstance: {fileID: 0}
  m_PrefabAsset: {fileID: 0}
  m_GameObject: {fileID: 7862652739264743626}
  m_Enabled: 1
  m_EditorHideFlags: 0
  m_Script: {fileID: 11500000, guid: fe87c0e1cc204ed48ad3b37840f39efc, type: 3}
  m_Name: 
  m_EditorClassIdentifier: 
  m_Material: {fileID: 0}
  m_Color: {r: 1, g: 1, b: 1, a: 1}
  m_RaycastTarget: 1
  m_RaycastPadding: {x: 0, y: 0, z: 0, w: 0}
  m_Maskable: 1
  m_OnCullStateChanged:
    m_PersistentCalls:
      m_Calls: []
  m_Sprite: {fileID: 21300186, guid: 9bd9265533309304db171aa9f916554a, type: 3}
  m_Type: 0
  m_PreserveAspect: 1
  m_FillCenter: 1
  m_FillMethod: 4
  m_FillAmount: 1
  m_FillClockwise: 1
  m_FillOrigin: 0
  m_UseSpriteMesh: 0
  m_PixelsPerUnitMultiplier: 1
--- !u!114 &5802531473015647966
MonoBehaviour:
  m_ObjectHideFlags: 0
  m_CorrespondingSourceObject: {fileID: 0}
  m_PrefabInstance: {fileID: 0}
  m_PrefabAsset: {fileID: 0}
  m_GameObject: {fileID: 7862652739264743626}
  m_Enabled: 0
  m_EditorHideFlags: 0
  m_Script: {fileID: 11500000, guid: 3a37a9f5455c4de44a6ad762660699d7, type: 3}
  m_Name: 
  m_EditorClassIdentifier: 
  image: {fileID: 7328802860664717127}
  sprites:
  - {fileID: 21300186, guid: 9bd9265533309304db171aa9f916554a, type: 3}
  - {fileID: 21300184, guid: 9bd9265533309304db171aa9f916554a, type: 3}
  - {fileID: 21300182, guid: 9bd9265533309304db171aa9f916554a, type: 3}
  - {fileID: 21300180, guid: 9bd9265533309304db171aa9f916554a, type: 3}
  - {fileID: 21300178, guid: 9bd9265533309304db171aa9f916554a, type: 3}
  - {fileID: 21300176, guid: 9bd9265533309304db171aa9f916554a, type: 3}
  - {fileID: 21300174, guid: 9bd9265533309304db171aa9f916554a, type: 3}
  - {fileID: 21300172, guid: 9bd9265533309304db171aa9f916554a, type: 3}
  - {fileID: 21300170, guid: 9bd9265533309304db171aa9f916554a, type: 3}
  - {fileID: 21300168, guid: 9bd9265533309304db171aa9f916554a, type: 3}
  - {fileID: 21300166, guid: 9bd9265533309304db171aa9f916554a, type: 3}
  - {fileID: 21300164, guid: 9bd9265533309304db171aa9f916554a, type: 3}
  - {fileID: 21300162, guid: 9bd9265533309304db171aa9f916554a, type: 3}
  - {fileID: 21300160, guid: 9bd9265533309304db171aa9f916554a, type: 3}
  - {fileID: 21300158, guid: 9bd9265533309304db171aa9f916554a, type: 3}
  - {fileID: 21300156, guid: 9bd9265533309304db171aa9f916554a, type: 3}
  - {fileID: 21300112, guid: 9bd9265533309304db171aa9f916554a, type: 3}
  - {fileID: 21300114, guid: 9bd9265533309304db171aa9f916554a, type: 3}
  - {fileID: 21300116, guid: 9bd9265533309304db171aa9f916554a, type: 3}
  - {fileID: 21300118, guid: 9bd9265533309304db171aa9f916554a, type: 3}
  - {fileID: 21300120, guid: 9bd9265533309304db171aa9f916554a, type: 3}
  - {fileID: 21300122, guid: 9bd9265533309304db171aa9f916554a, type: 3}
  - {fileID: 21300124, guid: 9bd9265533309304db171aa9f916554a, type: 3}
  - {fileID: 21300126, guid: 9bd9265533309304db171aa9f916554a, type: 3}
  - {fileID: 21300128, guid: 9bd9265533309304db171aa9f916554a, type: 3}
  - {fileID: 21300130, guid: 9bd9265533309304db171aa9f916554a, type: 3}
  - {fileID: 21300132, guid: 9bd9265533309304db171aa9f916554a, type: 3}
  - {fileID: 21300134, guid: 9bd9265533309304db171aa9f916554a, type: 3}
  - {fileID: 21300136, guid: 9bd9265533309304db171aa9f916554a, type: 3}
  - {fileID: 21300138, guid: 9bd9265533309304db171aa9f916554a, type: 3}
  - {fileID: 21300140, guid: 9bd9265533309304db171aa9f916554a, type: 3}
  - {fileID: 21300142, guid: 9bd9265533309304db171aa9f916554a, type: 3}
  - {fileID: 21300144, guid: 9bd9265533309304db171aa9f916554a, type: 3}
  - {fileID: 21300146, guid: 9bd9265533309304db171aa9f916554a, type: 3}
  - {fileID: 21300148, guid: 9bd9265533309304db171aa9f916554a, type: 3}
  - {fileID: 21300150, guid: 9bd9265533309304db171aa9f916554a, type: 3}
  - {fileID: 21300152, guid: 9bd9265533309304db171aa9f916554a, type: 3}
  - {fileID: 21300154, guid: 9bd9265533309304db171aa9f916554a, type: 3}
  - {fileID: 21300156, guid: 9bd9265533309304db171aa9f916554a, type: 3}
  - {fileID: 21300158, guid: 9bd9265533309304db171aa9f916554a, type: 3}
  - {fileID: 21300160, guid: 9bd9265533309304db171aa9f916554a, type: 3}
  - {fileID: 21300162, guid: 9bd9265533309304db171aa9f916554a, type: 3}
  - {fileID: 21300164, guid: 9bd9265533309304db171aa9f916554a, type: 3}
  - {fileID: 21300166, guid: 9bd9265533309304db171aa9f916554a, type: 3}
  - {fileID: 21300168, guid: 9bd9265533309304db171aa9f916554a, type: 3}
  - {fileID: 21300170, guid: 9bd9265533309304db171aa9f916554a, type: 3}
  - {fileID: 21300172, guid: 9bd9265533309304db171aa9f916554a, type: 3}
  - {fileID: 21300174, guid: 9bd9265533309304db171aa9f916554a, type: 3}
  - {fileID: 21300176, guid: 9bd9265533309304db171aa9f916554a, type: 3}
  - {fileID: 21300178, guid: 9bd9265533309304db171aa9f916554a, type: 3}
  - {fileID: 21300180, guid: 9bd9265533309304db171aa9f916554a, type: 3}
  - {fileID: 21300182, guid: 9bd9265533309304db171aa9f916554a, type: 3}
  - {fileID: 21300184, guid: 9bd9265533309304db171aa9f916554a, type: 3}
  - {fileID: 21300186, guid: 9bd9265533309304db171aa9f916554a, type: 3}
  tickRate: 0
  loop: 0
  autoStart: 0
--- !u!1 &7896443044151946657
GameObject:
  m_ObjectHideFlags: 0
  m_CorrespondingSourceObject: {fileID: 0}
  m_PrefabInstance: {fileID: 0}
  m_PrefabAsset: {fileID: 0}
  serializedVersion: 6
  m_Component:
  - component: {fileID: 8944286928544279230}
  - component: {fileID: 1733452537660567011}
  - component: {fileID: 7062318775199429191}
  m_Layer: 5
  m_Name: EnergyContainer
  m_TagString: Untagged
  m_Icon: {fileID: 0}
  m_NavMeshLayer: 0
  m_StaticEditorFlags: 0
  m_IsActive: 1
--- !u!224 &8944286928544279230
RectTransform:
  m_ObjectHideFlags: 0
  m_CorrespondingSourceObject: {fileID: 0}
  m_PrefabInstance: {fileID: 0}
  m_PrefabAsset: {fileID: 0}
  m_GameObject: {fileID: 7896443044151946657}
  m_LocalRotation: {x: -0, y: -0, z: -0, w: 1}
  m_LocalPosition: {x: 0, y: 0, z: 0}
  m_LocalScale: {x: 1, y: 1, z: 1}
  m_ConstrainProportionsScale: 0
  m_Children:
  - {fileID: 1400674580368949811}
  - {fileID: 7863833897818691143}
  - {fileID: 3330270394501107839}
  - {fileID: 3900187406962286311}
  - {fileID: 4825005275338625892}
  m_Father: {fileID: 0}
  m_RootOrder: 0
  m_LocalEulerAnglesHint: {x: 0, y: 0, z: 0}
  m_AnchorMin: {x: 0, y: 0}
  m_AnchorMax: {x: 0.064531915, y: 1}
  m_AnchoredPosition: {x: 0, y: 0}
  m_SizeDelta: {x: -0.000015259, y: 0}
  m_Pivot: {x: 0, y: 1}
--- !u!114 &1733452537660567011
MonoBehaviour:
  m_ObjectHideFlags: 0
  m_CorrespondingSourceObject: {fileID: 0}
  m_PrefabInstance: {fileID: 0}
  m_PrefabAsset: {fileID: 0}
  m_GameObject: {fileID: 7896443044151946657}
  m_Enabled: 1
  m_EditorHideFlags: 0
  m_Script: {fileID: 11500000, guid: 07ca86eb868d79141984a10dee526d90, type: 3}
  m_Name: 
  m_EditorClassIdentifier: 
  characterBackgroundImage: {fileID: 762973394756476}
  characterFillImage: {fileID: 727373568213377696}
  animator: {fileID: 7062318775199429191}
  effectSpriteSequence: {fileID: 5802531473015647966}
  effectPivot: {fileID: 3313317997626833443}
  idleSpriteSequence: {fileID: 7448916063220887522}
  fillSpeed: 0.75
  character: {fileID: 11400000, guid: 3ee9e12b879b48c43ac0b40670535212, type: 2}
--- !u!95 &7062318775199429191
Animator:
  serializedVersion: 4
  m_ObjectHideFlags: 0
  m_CorrespondingSourceObject: {fileID: 0}
  m_PrefabInstance: {fileID: 0}
  m_PrefabAsset: {fileID: 0}
  m_GameObject: {fileID: 7896443044151946657}
  m_Enabled: 1
  m_Avatar: {fileID: 0}
  m_Controller: {fileID: 9100000, guid: 5ceeffb67d4aaff418f2e059e14bbf37, type: 2}
  m_CullingMode: 0
  m_UpdateMode: 0
  m_ApplyRootMotion: 0
  m_LinearVelocityBlending: 0
  m_StabilizeFeet: 0
  m_WarningMessage: 
  m_HasTransformHierarchy: 1
  m_AllowConstantClipSamplingOptimization: 1
  m_KeepAnimatorControllerStateOnDisable: 0
--- !u!1 &8400621244138622862
GameObject:
  m_ObjectHideFlags: 0
  m_CorrespondingSourceObject: {fileID: 0}
  m_PrefabInstance: {fileID: 0}
  m_PrefabAsset: {fileID: 0}
  serializedVersion: 6
  m_Component:
  - component: {fileID: 1400674580368949811}
  - component: {fileID: 4900488904148580416}
  - component: {fileID: 6338484690160983273}
  - component: {fileID: 7448916063220887522}
  m_Layer: 5
  m_Name: Idle
  m_TagString: Untagged
  m_Icon: {fileID: 0}
  m_NavMeshLayer: 0
  m_StaticEditorFlags: 0
  m_IsActive: 1
--- !u!224 &1400674580368949811
RectTransform:
  m_ObjectHideFlags: 0
  m_CorrespondingSourceObject: {fileID: 0}
  m_PrefabInstance: {fileID: 0}
  m_PrefabAsset: {fileID: 0}
  m_GameObject: {fileID: 8400621244138622862}
  m_LocalRotation: {x: -0, y: -0, z: -0, w: 1}
  m_LocalPosition: {x: 0, y: 0, z: 0}
  m_LocalScale: {x: 1, y: 1, z: 1}
  m_ConstrainProportionsScale: 0
  m_Children: []
  m_Father: {fileID: 8944286928544279230}
  m_RootOrder: 0
  m_LocalEulerAnglesHint: {x: 0, y: 0, z: 0}
  m_AnchorMin: {x: 0, y: 0}
  m_AnchorMax: {x: 1, y: 1}
  m_AnchoredPosition: {x: 0, y: 0}
  m_SizeDelta: {x: 16, y: 16}
  m_Pivot: {x: 0.5, y: 0.5}
--- !u!222 &4900488904148580416
CanvasRenderer:
  m_ObjectHideFlags: 0
  m_CorrespondingSourceObject: {fileID: 0}
  m_PrefabInstance: {fileID: 0}
  m_PrefabAsset: {fileID: 0}
  m_GameObject: {fileID: 8400621244138622862}
  m_CullTransparentMesh: 1
--- !u!114 &6338484690160983273
MonoBehaviour:
  m_ObjectHideFlags: 0
  m_CorrespondingSourceObject: {fileID: 0}
  m_PrefabInstance: {fileID: 0}
  m_PrefabAsset: {fileID: 0}
  m_GameObject: {fileID: 8400621244138622862}
  m_Enabled: 1
  m_EditorHideFlags: 0
  m_Script: {fileID: 11500000, guid: fe87c0e1cc204ed48ad3b37840f39efc, type: 3}
  m_Name: 
  m_EditorClassIdentifier: 
  m_Material: {fileID: 0}
  m_Color: {r: 1, g: 1, b: 1, a: 1}
  m_RaycastTarget: 1
  m_RaycastPadding: {x: 0, y: 0, z: 0, w: 0}
  m_Maskable: 1
  m_OnCullStateChanged:
    m_PersistentCalls:
      m_Calls: []
  m_Sprite: {fileID: 21300186, guid: 9bd9265533309304db171aa9f916554a, type: 3}
  m_Type: 0
  m_PreserveAspect: 1
  m_FillCenter: 1
  m_FillMethod: 4
  m_FillAmount: 1
  m_FillClockwise: 1
  m_FillOrigin: 0
  m_UseSpriteMesh: 0
  m_PixelsPerUnitMultiplier: 1
--- !u!114 &7448916063220887522
MonoBehaviour:
  m_ObjectHideFlags: 0
  m_CorrespondingSourceObject: {fileID: 0}
  m_PrefabInstance: {fileID: 0}
  m_PrefabAsset: {fileID: 0}
  m_GameObject: {fileID: 8400621244138622862}
  m_Enabled: 0
  m_EditorHideFlags: 0
  m_Script: {fileID: 11500000, guid: 3a37a9f5455c4de44a6ad762660699d7, type: 3}
  m_Name: 
  m_EditorClassIdentifier: 
  image: {fileID: 6338484690160983273}
  sprites:
  - {fileID: 21300160, guid: 9bd9265533309304db171aa9f916554a, type: 3}
  - {fileID: 21300162, guid: 9bd9265533309304db171aa9f916554a, type: 3}
  - {fileID: 21300164, guid: 9bd9265533309304db171aa9f916554a, type: 3}
  - {fileID: 21300166, guid: 9bd9265533309304db171aa9f916554a, type: 3}
  - {fileID: 21300168, guid: 9bd9265533309304db171aa9f916554a, type: 3}
  - {fileID: 21300170, guid: 9bd9265533309304db171aa9f916554a, type: 3}
  - {fileID: 21300172, guid: 9bd9265533309304db171aa9f916554a, type: 3}
  - {fileID: 21300174, guid: 9bd9265533309304db171aa9f916554a, type: 3}
  - {fileID: 21300176, guid: 9bd9265533309304db171aa9f916554a, type: 3}
  - {fileID: 21300178, guid: 9bd9265533309304db171aa9f916554a, type: 3}
  - {fileID: 21300180, guid: 9bd9265533309304db171aa9f916554a, type: 3}
  - {fileID: 21300182, guid: 9bd9265533309304db171aa9f916554a, type: 3}
  - {fileID: 21300184, guid: 9bd9265533309304db171aa9f916554a, type: 3}
  - {fileID: 21300186, guid: 9bd9265533309304db171aa9f916554a, type: 3}
  tickRate: 0
  loop: 0
  autoStart: 0
