%YAML 1.1
%TAG !u! tag:unity3d.com,2011:
--- !u!1 &5200436311255820105
GameObject:
  m_ObjectHideFlags: 0
  m_CorrespondingSourceObject: {fileID: 0}
  m_PrefabInstance: {fileID: 0}
  m_PrefabAsset: {fileID: 0}
  serializedVersion: 6
  m_Component:
  - component: {fileID: 2347963519270899469}
  - component: {fileID: 7116568392030161473}
  - component: {fileID: 6845500964020320657}
  - component: {fileID: 4061568059829299914}
  m_Layer: 5
  m_Name: Description
  m_TagString: Untagged
  m_Icon: {fileID: 0}
  m_NavMeshLayer: 0
  m_StaticEditorFlags: 0
  m_IsActive: 1
--- !u!224 &2347963519270899469
RectTransform:
  m_ObjectHideFlags: 0
  m_CorrespondingSourceObject: {fileID: 0}
  m_PrefabInstance: {fileID: 0}
  m_PrefabAsset: {fileID: 0}
  m_GameObject: {fileID: 5200436311255820105}
  m_LocalRotation: {x: -0, y: -0, z: -0, w: 1}
  m_LocalPosition: {x: 0, y: 0, z: 0}
  m_LocalScale: {x: 1, y: 1, z: 1}
  m_ConstrainProportionsScale: 0
  m_Children: []
  m_Father: {fileID: 1467571283734655124}
  m_RootOrder: 0
  m_LocalEulerAnglesHint: {x: 0, y: 0, z: 0}
  m_AnchorMin: {x: 0.5, y: 0.5}
  m_AnchorMax: {x: 0.5, y: 0.5}
  m_AnchoredPosition: {x: 0, y: 80}
  m_SizeDelta: {x: 896, y: 96}
  m_Pivot: {x: 0.5, y: 1}
--- !u!222 &7116568392030161473
CanvasRenderer:
  m_ObjectHideFlags: 0
  m_CorrespondingSourceObject: {fileID: 0}
  m_PrefabInstance: {fileID: 0}
  m_PrefabAsset: {fileID: 0}
  m_GameObject: {fileID: 5200436311255820105}
  m_CullTransparentMesh: 1
--- !u!114 &6845500964020320657
MonoBehaviour:
  m_ObjectHideFlags: 0
  m_CorrespondingSourceObject: {fileID: 0}
  m_PrefabInstance: {fileID: 0}
  m_PrefabAsset: {fileID: 0}
  m_GameObject: {fileID: 5200436311255820105}
  m_Enabled: 1
  m_EditorHideFlags: 0
  m_Script: {fileID: 11500000, guid: f4688fdb7df04437aeb418b961361dc5, type: 3}
  m_Name: 
  m_EditorClassIdentifier: 
  m_Material: {fileID: 0}
  m_Color: {r: 1, g: 1, b: 1, a: 1}
  m_RaycastTarget: 1
  m_RaycastPadding: {x: 0, y: 0, z: 0, w: 0}
  m_Maskable: 1
  m_OnCullStateChanged:
    m_PersistentCalls:
      m_Calls: []
  m_text: 'All

'
  m_isRightToLeft: 0
  m_fontAsset: {fileID: 11400000, guid: 7cd4d9cd591fa8b409baee5da11c626a, type: 2}
  m_sharedMaterial: {fileID: -1069248234383864784, guid: 7cd4d9cd591fa8b409baee5da11c626a,
    type: 2}
  m_fontSharedMaterials: []
  m_fontMaterial: {fileID: 0}
  m_fontMaterials: []
  m_fontColor32:
    serializedVersion: 2
    rgba: 4294967295
  m_fontColor: {r: 1, g: 1, b: 1, a: 1}
  m_enableVertexGradient: 0
  m_colorMode: 3
  m_fontColorGradient:
    topLeft: {r: 1, g: 1, b: 1, a: 1}
    topRight: {r: 1, g: 1, b: 1, a: 1}
    bottomLeft: {r: 1, g: 1, b: 1, a: 1}
    bottomRight: {r: 1, g: 1, b: 1, a: 1}
  m_fontColorGradientPreset: {fileID: 0}
  m_spriteAsset: {fileID: 0}
  m_tintAllSprites: 0
  m_StyleSheet: {fileID: 0}
  m_TextStyleHashCode: -1183493901
  m_overrideHtmlColors: 0
  m_faceColor:
    serializedVersion: 2
    rgba: 4294967295
  m_fontSize: 32
  m_fontSizeBase: 32
  m_fontWeight: 400
  m_enableAutoSizing: 0
  m_fontSizeMin: 18
  m_fontSizeMax: 72
  m_fontStyle: 0
  m_HorizontalAlignment: 2
  m_VerticalAlignment: 512
  m_textAlignment: 65535
  m_characterSpacing: 0
  m_wordSpacing: 0
  m_lineSpacing: 0
  m_lineSpacingMax: 0
  m_paragraphSpacing: 0
  m_charWidthMaxAdj: 0
  m_enableWordWrapping: 1
  m_wordWrappingRatios: 0.4
  m_overflowMode: 0
  m_linkedTextComponent: {fileID: 0}
  parentLinkedComponent: {fileID: 0}
  m_enableKerning: 1
  m_enableExtraPadding: 0
  checkPaddingRequired: 0
  m_isRichText: 1
  m_parseCtrlCharacters: 1
  m_isOrthographic: 1
  m_isCullingEnabled: 0
  m_horizontalMapping: 0
  m_verticalMapping: 0
  m_uvLineOffset: 0
  m_geometrySortingOrder: 0
  m_IsTextObjectScaleStatic: 0
  m_VertexBufferAutoSizeReduction: 0
  m_useMaxVisibleDescender: 1
  m_pageToDisplay: 1
  m_margin: {x: 0, y: 0, z: 0, w: 0}
  m_isUsingLegacyAnimationComponent: 0
  m_isVolumetricText: 0
  m_hasFontAssetChanged: 0
  m_baseMaterial: {fileID: 0}
  m_maskOffset: {x: 0, y: 0, z: 0, w: 0}
--- !u!114 &4061568059829299914
MonoBehaviour:
  m_ObjectHideFlags: 0
  m_CorrespondingSourceObject: {fileID: 0}
  m_PrefabInstance: {fileID: 0}
  m_PrefabAsset: {fileID: 0}
  m_GameObject: {fileID: 5200436311255820105}
  m_Enabled: 1
  m_EditorHideFlags: 0
  m_Script: {fileID: 11500000, guid: 7de41b4a04bc3284e8796e536bc4acbb, type: 3}
  m_Name: 
  m_EditorClassIdentifier: 
  m_textTable: {fileID: 0}
  m_localizedFonts: {fileID: 0}
  m_fieldName: 
--- !u!1 &5242020754252955106
GameObject:
  m_ObjectHideFlags: 0
  m_CorrespondingSourceObject: {fileID: 0}
  m_PrefabInstance: {fileID: 0}
  m_PrefabAsset: {fileID: 0}
  serializedVersion: 6
  m_Component:
  - component: {fileID: 9045835152178464102}
  m_Layer: 5
  m_Name: ButtonsGroup
  m_TagString: Untagged
  m_Icon: {fileID: 0}
  m_NavMeshLayer: 0
  m_StaticEditorFlags: 0
  m_IsActive: 1
--- !u!224 &9045835152178464102
RectTransform:
  m_ObjectHideFlags: 0
  m_CorrespondingSourceObject: {fileID: 0}
  m_PrefabInstance: {fileID: 0}
  m_PrefabAsset: {fileID: 0}
  m_GameObject: {fileID: 5242020754252955106}
  m_LocalRotation: {x: 0, y: 0, z: 0, w: 1}
  m_LocalPosition: {x: 0, y: 0, z: 0}
  m_LocalScale: {x: 1, y: 1, z: 1}
  m_ConstrainProportionsScale: 0
  m_Children:
  - {fileID: 511498885556015872}
  - {fileID: 3539110194674050956}
  m_Father: {fileID: 1467571283734655124}
  m_RootOrder: 1
  m_LocalEulerAnglesHint: {x: 0, y: 0, z: 0}
  m_AnchorMin: {x: 0.5, y: 0.5}
  m_AnchorMax: {x: 0.5, y: 0.5}
  m_AnchoredPosition: {x: 0, y: -56}
  m_SizeDelta: {x: 100, y: 100}
  m_Pivot: {x: 0.5, y: 0.5}
--- !u!1 &5266467053831602529
GameObject:
  m_ObjectHideFlags: 0
  m_CorrespondingSourceObject: {fileID: 0}
  m_PrefabInstance: {fileID: 0}
  m_PrefabAsset: {fileID: 0}
  serializedVersion: 6
  m_Component:
  - component: {fileID: 1467571283734655124}
  - component: {fileID: 5716800046714585006}
  - component: {fileID: 3457599873037551432}
  - component: {fileID: 4295245337361083934}
  - component: {fileID: 1213607037767620436}
  m_Layer: 5
  m_Name: PopUpPanel
  m_TagString: Untagged
  m_Icon: {fileID: 0}
  m_NavMeshLayer: 0
  m_StaticEditorFlags: 0
  m_IsActive: 1
--- !u!224 &1467571283734655124
RectTransform:
  m_ObjectHideFlags: 0
  m_CorrespondingSourceObject: {fileID: 0}
  m_PrefabInstance: {fileID: 0}
  m_PrefabAsset: {fileID: 0}
  m_GameObject: {fileID: 5266467053831602529}
  m_LocalRotation: {x: 0, y: 0, z: 0, w: 1}
  m_LocalPosition: {x: 0, y: 0, z: 0}
  m_LocalScale: {x: 1, y: 1, z: 1}
  m_ConstrainProportionsScale: 0
  m_Children:
  - {fileID: 2347963519270899469}
  - {fileID: 9045835152178464102}
  m_Father: {fileID: 0}
  m_RootOrder: 0
  m_LocalEulerAnglesHint: {x: 0, y: 0, z: 0}
  m_AnchorMin: {x: 0.5, y: 0.5}
  m_AnchorMax: {x: 0.5, y: 0.5}
  m_AnchoredPosition: {x: 0, y: 256}
  m_SizeDelta: {x: 1152, y: 256}
  m_Pivot: {x: 0.5, y: 0.5}
--- !u!222 &5716800046714585006
CanvasRenderer:
  m_ObjectHideFlags: 0
  m_CorrespondingSourceObject: {fileID: 0}
  m_PrefabInstance: {fileID: 0}
  m_PrefabAsset: {fileID: 0}
  m_GameObject: {fileID: 5266467053831602529}
  m_CullTransparentMesh: 1
--- !u!114 &3457599873037551432
MonoBehaviour:
  m_ObjectHideFlags: 0
  m_CorrespondingSourceObject: {fileID: 0}
  m_PrefabInstance: {fileID: 0}
  m_PrefabAsset: {fileID: 0}
  m_GameObject: {fileID: 5266467053831602529}
  m_Enabled: 1
  m_EditorHideFlags: 0
  m_Script: {fileID: 11500000, guid: fe87c0e1cc204ed48ad3b37840f39efc, type: 3}
  m_Name: 
  m_EditorClassIdentifier: 
  m_Material: {fileID: 0}
  m_Color: {r: 1, g: 1, b: 1, a: 1}
  m_RaycastTarget: 1
  m_RaycastPadding: {x: 0, y: 0, z: 0, w: 0}
  m_Maskable: 1
  m_OnCullStateChanged:
    m_PersistentCalls:
      m_Calls: []
  m_Sprite: {fileID: 549273255, guid: afd03329d5a9fcd49a8da0b1e6453544, type: 3}
  m_Type: 0
  m_PreserveAspect: 0
  m_FillCenter: 1
  m_FillMethod: 4
  m_FillAmount: 1
  m_FillClockwise: 1
  m_FillOrigin: 0
  m_UseSpriteMesh: 0
  m_PixelsPerUnitMultiplier: 0.1
--- !u!114 &4295245337361083934
MonoBehaviour:
  m_ObjectHideFlags: 0
  m_CorrespondingSourceObject: {fileID: 0}
  m_PrefabInstance: {fileID: 0}
  m_PrefabAsset: {fileID: 0}
  m_GameObject: {fileID: 5266467053831602529}
  m_Enabled: 1
  m_EditorHideFlags: 0
  m_Script: {fileID: 11500000, guid: a37b69b0c3047464ebb80715e98c4891, type: 3}
  m_Name: 
  m_EditorClassIdentifier: 
  <CloseScreenInputActionReference>k__BackingField: {fileID: 0}
  lockPause: 1
  delayActivation: 1
  delayActivationTime: 1
  acceptButton: {fileID: 0}
  cancelButton: {fileID: 0}
  descriptionLocalizeUI: {fileID: 4061568059829299914}
  descriptionTMP: {fileID: 6845500964020320657}
  acceptLocalizeUI: {fileID: 0}
  cancelLocalizeUI: {fileID: 0}
--- !u!114 &1213607037767620436
MonoBehaviour:
  m_ObjectHideFlags: 0
  m_CorrespondingSourceObject: {fileID: 0}
  m_PrefabInstance: {fileID: 0}
  m_PrefabAsset: {fileID: 0}
  m_GameObject: {fileID: 5266467053831602529}
  m_Enabled: 1
  m_EditorHideFlags: 0
  m_Script: {fileID: 11500000, guid: 3245ec927659c4140ac4f8d17403cc18, type: 3}
  m_Name: 
  m_EditorClassIdentifier: 
  m_HorizontalFit: 0
  m_VerticalFit: 0
--- !u!1001 &4999521895715642758
PrefabInstance:
  m_ObjectHideFlags: 0
  serializedVersion: 2
  m_Modification:
    m_TransformParent: {fileID: 9045835152178464102}
    m_Modifications:
    - target: {fileID: 921170803067577946, guid: 16ba76418e57c0f40bdacd5e75d73f4e,
        type: 3}
      propertyPath: m_IsActive
      value: 0
      objectReference: {fileID: 0}
    - target: {fileID: 4789836770079948845, guid: 16ba76418e57c0f40bdacd5e75d73f4e,
        type: 3}
      propertyPath: m_fontSize
      value: 28
      objectReference: {fileID: 0}
    - target: {fileID: 4789836770079948845, guid: 16ba76418e57c0f40bdacd5e75d73f4e,
        type: 3}
      propertyPath: m_fontAsset
      value: 
      objectReference: {fileID: 11400000, guid: 2128aa538f058ae47a42ef079a9c59c8,
        type: 2}
    - target: {fileID: 4789836770079948845, guid: 16ba76418e57c0f40bdacd5e75d73f4e,
        type: 3}
      propertyPath: m_fontSizeBase
      value: 28
      objectReference: {fileID: 0}
    - target: {fileID: 4789836770079948845, guid: 16ba76418e57c0f40bdacd5e75d73f4e,
        type: 3}
      propertyPath: m_sharedMaterial
      value: 
      objectReference: {fileID: -2043501887895105492, guid: 2128aa538f058ae47a42ef079a9c59c8,
        type: 2}
    - target: {fileID: 4789836770079948846, guid: 16ba76418e57c0f40bdacd5e75d73f4e,
        type: 3}
      propertyPath: m_AnchorMax.x
      value: 1
      objectReference: {fileID: 0}
    - target: {fileID: 4789836770079948846, guid: 16ba76418e57c0f40bdacd5e75d73f4e,
        type: 3}
      propertyPath: m_AnchorMax.y
      value: 1
      objectReference: {fileID: 0}
    - target: {fileID: 4789836770079948846, guid: 16ba76418e57c0f40bdacd5e75d73f4e,
        type: 3}
      propertyPath: m_AnchorMin.x
      value: 0
      objectReference: {fileID: 0}
    - target: {fileID: 4789836770079948846, guid: 16ba76418e57c0f40bdacd5e75d73f4e,
        type: 3}
      propertyPath: m_AnchorMin.y
      value: 0
      objectReference: {fileID: 0}
    - target: {fileID: 4789836770079948846, guid: 16ba76418e57c0f40bdacd5e75d73f4e,
        type: 3}
      propertyPath: m_SizeDelta.x
      value: 0
      objectReference: {fileID: 0}
    - target: {fileID: 4789836770079948846, guid: 16ba76418e57c0f40bdacd5e75d73f4e,
        type: 3}
      propertyPath: m_SizeDelta.y
      value: 0
      objectReference: {fileID: 0}
    - target: {fileID: 4789836770142850692, guid: 16ba76418e57c0f40bdacd5e75d73f4e,
        type: 3}
      propertyPath: BaseText
      value: Equipped
      objectReference: {fileID: 0}
    - target: {fileID: 4789836770142850692, guid: 16ba76418e57c0f40bdacd5e75d73f4e,
        type: 3}
      propertyPath: localizeUI
      value: 
      objectReference: {fileID: 0}
    - target: {fileID: 4789836770142850692, guid: 16ba76418e57c0f40bdacd5e75d73f4e,
        type: 3}
      propertyPath: useLocalizeText
      value: 1
      objectReference: {fileID: 0}
    - target: {fileID: 4789836770142850692, guid: 16ba76418e57c0f40bdacd5e75d73f4e,
        type: 3}
      propertyPath: m_Navigation.m_Mode
      value: 4
      objectReference: {fileID: 0}
    - target: {fileID: 4789836770142850692, guid: 16ba76418e57c0f40bdacd5e75d73f4e,
        type: 3}
      propertyPath: textTableFieldName.TexTable
      value: 
      objectReference: {fileID: 11400000, guid: 31d17d797aecd1440a3106a806ca451b,
        type: 2}
    - target: {fileID: 4789836770142850692, guid: 16ba76418e57c0f40bdacd5e75d73f4e,
        type: 3}
      propertyPath: m_Navigation.m_SelectOnRight
      value: 
      objectReference: {fileID: 0}
    - target: {fileID: 4789836770142850692, guid: 16ba76418e57c0f40bdacd5e75d73f4e,
        type: 3}
      propertyPath: textTableFieldName.FieldName
      value: AmuletEquipped
      objectReference: {fileID: 0}
    - target: {fileID: 4789836770142850692, guid: 16ba76418e57c0f40bdacd5e75d73f4e,
        type: 3}
      propertyPath: OnClick.m_PersistentCalls.m_Calls.Array.size
      value: 2
      objectReference: {fileID: 0}
    - target: {fileID: 4789836770142850692, guid: 16ba76418e57c0f40bdacd5e75d73f4e,
        type: 3}
      propertyPath: OnClick.m_PersistentCalls.m_Calls.Array.data[1].m_Mode
      value: 1
      objectReference: {fileID: 0}
    - target: {fileID: 4789836770142850692, guid: 16ba76418e57c0f40bdacd5e75d73f4e,
        type: 3}
      propertyPath: OnClick.m_PersistentCalls.m_Calls.Array.data[1].m_Target
      value: 
      objectReference: {fileID: 4295245337361083934}
    - target: {fileID: 4789836770142850692, guid: 16ba76418e57c0f40bdacd5e75d73f4e,
        type: 3}
      propertyPath: OnClick.m_PersistentCalls.m_Calls.Array.data[1].m_CallState
      value: 2
      objectReference: {fileID: 0}
    - target: {fileID: 4789836770142850692, guid: 16ba76418e57c0f40bdacd5e75d73f4e,
        type: 3}
      propertyPath: OnClick.m_PersistentCalls.m_Calls.Array.data[1].m_MethodName
      value: Accep
      objectReference: {fileID: 0}
    - target: {fileID: 4789836770142850692, guid: 16ba76418e57c0f40bdacd5e75d73f4e,
        type: 3}
      propertyPath: OnClick.m_PersistentCalls.m_Calls.Array.data[1].m_TargetAssemblyTypeName
      value: PopUpPanel, Assembly-CSharp
      objectReference: {fileID: 0}
    - target: {fileID: 4789836770142850692, guid: 16ba76418e57c0f40bdacd5e75d73f4e,
        type: 3}
      propertyPath: OnClick.m_PersistentCalls.m_Calls.Array.data[1].m_Arguments.m_ObjectArgumentAssemblyTypeName
      value: UnityEngine.Object, UnityEngine
      objectReference: {fileID: 0}
    - target: {fileID: 4789836770142850694, guid: 16ba76418e57c0f40bdacd5e75d73f4e,
        type: 3}
      propertyPath: m_Pivot.x
      value: 0.5
      objectReference: {fileID: 0}
    - target: {fileID: 4789836770142850694, guid: 16ba76418e57c0f40bdacd5e75d73f4e,
        type: 3}
      propertyPath: m_Pivot.y
      value: 0.5
      objectReference: {fileID: 0}
    - target: {fileID: 4789836770142850694, guid: 16ba76418e57c0f40bdacd5e75d73f4e,
        type: 3}
      propertyPath: m_RootOrder
      value: 0
      objectReference: {fileID: 0}
    - target: {fileID: 4789836770142850694, guid: 16ba76418e57c0f40bdacd5e75d73f4e,
        type: 3}
      propertyPath: m_AnchorMax.x
      value: 0.5
      objectReference: {fileID: 0}
    - target: {fileID: 4789836770142850694, guid: 16ba76418e57c0f40bdacd5e75d73f4e,
        type: 3}
      propertyPath: m_AnchorMax.y
      value: 0.5
      objectReference: {fileID: 0}
    - target: {fileID: 4789836770142850694, guid: 16ba76418e57c0f40bdacd5e75d73f4e,
        type: 3}
      propertyPath: m_AnchorMin.x
      value: 0.5
      objectReference: {fileID: 0}
    - target: {fileID: 4789836770142850694, guid: 16ba76418e57c0f40bdacd5e75d73f4e,
        type: 3}
      propertyPath: m_AnchorMin.y
      value: 0.5
      objectReference: {fileID: 0}
    - target: {fileID: 4789836770142850694, guid: 16ba76418e57c0f40bdacd5e75d73f4e,
        type: 3}
      propertyPath: m_SizeDelta.x
      value: 0
      objectReference: {fileID: 0}
    - target: {fileID: 4789836770142850694, guid: 16ba76418e57c0f40bdacd5e75d73f4e,
        type: 3}
      propertyPath: m_SizeDelta.y
      value: 0
      objectReference: {fileID: 0}
    - target: {fileID: 4789836770142850694, guid: 16ba76418e57c0f40bdacd5e75d73f4e,
        type: 3}
      propertyPath: m_LocalPosition.x
      value: 0
      objectReference: {fileID: 0}
    - target: {fileID: 4789836770142850694, guid: 16ba76418e57c0f40bdacd5e75d73f4e,
        type: 3}
      propertyPath: m_LocalPosition.y
      value: 0
      objectReference: {fileID: 0}
    - target: {fileID: 4789836770142850694, guid: 16ba76418e57c0f40bdacd5e75d73f4e,
        type: 3}
      propertyPath: m_LocalPosition.z
      value: 0
      objectReference: {fileID: 0}
    - target: {fileID: 4789836770142850694, guid: 16ba76418e57c0f40bdacd5e75d73f4e,
        type: 3}
      propertyPath: m_LocalRotation.w
      value: 1
      objectReference: {fileID: 0}
    - target: {fileID: 4789836770142850694, guid: 16ba76418e57c0f40bdacd5e75d73f4e,
        type: 3}
      propertyPath: m_LocalRotation.x
      value: -0
      objectReference: {fileID: 0}
    - target: {fileID: 4789836770142850694, guid: 16ba76418e57c0f40bdacd5e75d73f4e,
        type: 3}
      propertyPath: m_LocalRotation.y
      value: -0
      objectReference: {fileID: 0}
    - target: {fileID: 4789836770142850694, guid: 16ba76418e57c0f40bdacd5e75d73f4e,
        type: 3}
      propertyPath: m_LocalRotation.z
      value: -0
      objectReference: {fileID: 0}
    - target: {fileID: 4789836770142850694, guid: 16ba76418e57c0f40bdacd5e75d73f4e,
        type: 3}
      propertyPath: m_AnchoredPosition.x
      value: -160
      objectReference: {fileID: 0}
    - target: {fileID: 4789836770142850694, guid: 16ba76418e57c0f40bdacd5e75d73f4e,
        type: 3}
      propertyPath: m_AnchoredPosition.y
      value: 0
      objectReference: {fileID: 0}
    - target: {fileID: 4789836770142850694, guid: 16ba76418e57c0f40bdacd5e75d73f4e,
        type: 3}
      propertyPath: m_LocalEulerAnglesHint.x
      value: 0
      objectReference: {fileID: 0}
    - target: {fileID: 4789836770142850694, guid: 16ba76418e57c0f40bdacd5e75d73f4e,
        type: 3}
      propertyPath: m_LocalEulerAnglesHint.y
      value: 0
      objectReference: {fileID: 0}
    - target: {fileID: 4789836770142850694, guid: 16ba76418e57c0f40bdacd5e75d73f4e,
        type: 3}
      propertyPath: m_LocalEulerAnglesHint.z
      value: 0
      objectReference: {fileID: 0}
    - target: {fileID: 4789836770142850695, guid: 16ba76418e57c0f40bdacd5e75d73f4e,
        type: 3}
      propertyPath: m_Name
      value: AccepButton
      objectReference: {fileID: 0}
    - target: {fileID: 4789836771115069742, guid: 16ba76418e57c0f40bdacd5e75d73f4e,
        type: 3}
      propertyPath: m_IsActive
      value: 0
      objectReference: {fileID: 0}
    - target: {fileID: 6389115881880099091, guid: 16ba76418e57c0f40bdacd5e75d73f4e,
        type: 3}
      propertyPath: m_IsActive
      value: 0
      objectReference: {fileID: 0}
    - target: {fileID: 7458286035680126461, guid: 16ba76418e57c0f40bdacd5e75d73f4e,
        type: 3}
      propertyPath: m_AnchorMax.y
      value: 0
      objectReference: {fileID: 0}
    - target: {fileID: 7458286035680126461, guid: 16ba76418e57c0f40bdacd5e75d73f4e,
        type: 3}
      propertyPath: m_AnchorMin.y
      value: 0
      objectReference: {fileID: 0}
    - target: {fileID: 7458286035680126461, guid: 16ba76418e57c0f40bdacd5e75d73f4e,
        type: 3}
      propertyPath: m_SizeDelta.x
      value: 0
      objectReference: {fileID: 0}
    - target: {fileID: 7458286035680126461, guid: 16ba76418e57c0f40bdacd5e75d73f4e,
        type: 3}
      propertyPath: m_SizeDelta.y
      value: 0
      objectReference: {fileID: 0}
    - target: {fileID: 7458286035680126461, guid: 16ba76418e57c0f40bdacd5e75d73f4e,
        type: 3}
      propertyPath: m_AnchoredPosition.x
      value: 71.425
      objectReference: {fileID: 0}
    - target: {fileID: 7458286035680126461, guid: 16ba76418e57c0f40bdacd5e75d73f4e,
        type: 3}
      propertyPath: m_AnchoredPosition.y
      value: 0
      objectReference: {fileID: 0}
    - target: {fileID: 7527512641475189371, guid: 16ba76418e57c0f40bdacd5e75d73f4e,
        type: 3}
      propertyPath: m_AnchorMax.y
      value: 0
      objectReference: {fileID: 0}
    - target: {fileID: 7527512641475189371, guid: 16ba76418e57c0f40bdacd5e75d73f4e,
        type: 3}
      propertyPath: m_AnchorMin.y
      value: 0
      objectReference: {fileID: 0}
    - target: {fileID: 7527512641475189371, guid: 16ba76418e57c0f40bdacd5e75d73f4e,
        type: 3}
      propertyPath: m_SizeDelta.x
      value: 0
      objectReference: {fileID: 0}
    - target: {fileID: 7527512641475189371, guid: 16ba76418e57c0f40bdacd5e75d73f4e,
        type: 3}
      propertyPath: m_SizeDelta.y
      value: 0
      objectReference: {fileID: 0}
    - target: {fileID: 7527512641475189371, guid: 16ba76418e57c0f40bdacd5e75d73f4e,
        type: 3}
      propertyPath: m_AnchoredPosition.x
      value: 71.425
      objectReference: {fileID: 0}
    - target: {fileID: 7527512641475189371, guid: 16ba76418e57c0f40bdacd5e75d73f4e,
        type: 3}
      propertyPath: m_AnchoredPosition.y
      value: 0
      objectReference: {fileID: 0}
    - target: {fileID: 8628217132611888381, guid: 16ba76418e57c0f40bdacd5e75d73f4e,
        type: 3}
      propertyPath: BaseText
      value: Continue
      objectReference: {fileID: 0}
    - target: {fileID: 8628217132611888381, guid: 16ba76418e57c0f40bdacd5e75d73f4e,
        type: 3}
      propertyPath: localizeUI
      value: 
      objectReference: {fileID: 0}
    - target: {fileID: 8628217132611888381, guid: 16ba76418e57c0f40bdacd5e75d73f4e,
        type: 3}
      propertyPath: m_Navigation.m_SelectOnLeft
      value: 
      objectReference: {fileID: 0}
    - target: {fileID: 8628217132611888381, guid: 16ba76418e57c0f40bdacd5e75d73f4e,
        type: 3}
      propertyPath: m_Navigation.m_SelectOnRight
      value: 
      objectReference: {fileID: 0}
    - target: {fileID: 8628217132611888381, guid: 16ba76418e57c0f40bdacd5e75d73f4e,
        type: 3}
      propertyPath: OnClick.m_PersistentCalls.m_Calls.Array.data[0].m_Mode
      value: 1
      objectReference: {fileID: 0}
    - target: {fileID: 8628217132611888381, guid: 16ba76418e57c0f40bdacd5e75d73f4e,
        type: 3}
      propertyPath: OnClick.m_PersistentCalls.m_Calls.Array.data[0].m_Target
      value: 
      objectReference: {fileID: 4295245337361083934}
    - target: {fileID: 8628217132611888381, guid: 16ba76418e57c0f40bdacd5e75d73f4e,
        type: 3}
      propertyPath: OnClick.m_PersistentCalls.m_Calls.Array.data[0].m_MethodName
      value: Accep
      objectReference: {fileID: 0}
    - target: {fileID: 8628217132611888381, guid: 16ba76418e57c0f40bdacd5e75d73f4e,
        type: 3}
      propertyPath: OnClick.m_PersistentCalls.m_Calls.Array.data[0].m_TargetAssemblyTypeName
      value: PopUpPanel, Assembly-CSharp
      objectReference: {fileID: 0}
    m_RemovedComponents: []
  m_SourcePrefab: {fileID: 100100000, guid: 16ba76418e57c0f40bdacd5e75d73f4e, type: 3}
--- !u!224 &511498885556015872 stripped
RectTransform:
  m_CorrespondingSourceObject: {fileID: 4789836770142850694, guid: 16ba76418e57c0f40bdacd5e75d73f4e,
    type: 3}
  m_PrefabInstance: {fileID: 4999521895715642758}
  m_PrefabAsset: {fileID: 0}
--- !u!1001 &8315222516544743690
PrefabInstance:
  m_ObjectHideFlags: 0
  serializedVersion: 2
  m_Modification:
    m_TransformParent: {fileID: 9045835152178464102}
    m_Modifications:
    - target: {fileID: 921170803067577946, guid: 16ba76418e57c0f40bdacd5e75d73f4e,
        type: 3}
      propertyPath: m_IsActive
      value: 0
      objectReference: {fileID: 0}
    - target: {fileID: 4789836770079948845, guid: 16ba76418e57c0f40bdacd5e75d73f4e,
        type: 3}
      propertyPath: m_fontSize
      value: 28
      objectReference: {fileID: 0}
    - target: {fileID: 4789836770079948845, guid: 16ba76418e57c0f40bdacd5e75d73f4e,
        type: 3}
      propertyPath: m_fontAsset
      value: 
      objectReference: {fileID: 11400000, guid: 2128aa538f058ae47a42ef079a9c59c8,
        type: 2}
    - target: {fileID: 4789836770079948845, guid: 16ba76418e57c0f40bdacd5e75d73f4e,
        type: 3}
      propertyPath: m_fontSizeBase
      value: 28
      objectReference: {fileID: 0}
    - target: {fileID: 4789836770079948845, guid: 16ba76418e57c0f40bdacd5e75d73f4e,
        type: 3}
      propertyPath: m_sharedMaterial
      value: 
      objectReference: {fileID: -2043501887895105492, guid: 2128aa538f058ae47a42ef079a9c59c8,
        type: 2}
    - target: {fileID: 4789836770079948846, guid: 16ba76418e57c0f40bdacd5e75d73f4e,
        type: 3}
      propertyPath: m_AnchorMax.x
      value: 1
      objectReference: {fileID: 0}
    - target: {fileID: 4789836770079948846, guid: 16ba76418e57c0f40bdacd5e75d73f4e,
        type: 3}
      propertyPath: m_AnchorMax.y
      value: 1
      objectReference: {fileID: 0}
    - target: {fileID: 4789836770079948846, guid: 16ba76418e57c0f40bdacd5e75d73f4e,
        type: 3}
      propertyPath: m_AnchorMin.x
      value: 0
      objectReference: {fileID: 0}
    - target: {fileID: 4789836770079948846, guid: 16ba76418e57c0f40bdacd5e75d73f4e,
        type: 3}
      propertyPath: m_AnchorMin.y
      value: 0
      objectReference: {fileID: 0}
    - target: {fileID: 4789836770079948846, guid: 16ba76418e57c0f40bdacd5e75d73f4e,
        type: 3}
      propertyPath: m_SizeDelta.x
      value: 0
      objectReference: {fileID: 0}
    - target: {fileID: 4789836770079948846, guid: 16ba76418e57c0f40bdacd5e75d73f4e,
        type: 3}
      propertyPath: m_SizeDelta.y
      value: 0
      objectReference: {fileID: 0}
    - target: {fileID: 4789836770142850692, guid: 16ba76418e57c0f40bdacd5e75d73f4e,
        type: 3}
      propertyPath: BaseText
      value: Equipped
      objectReference: {fileID: 0}
    - target: {fileID: 4789836770142850692, guid: 16ba76418e57c0f40bdacd5e75d73f4e,
        type: 3}
      propertyPath: localizeUI
      value: 
      objectReference: {fileID: 0}
    - target: {fileID: 4789836770142850692, guid: 16ba76418e57c0f40bdacd5e75d73f4e,
        type: 3}
      propertyPath: useLocalizeText
      value: 1
      objectReference: {fileID: 0}
    - target: {fileID: 4789836770142850692, guid: 16ba76418e57c0f40bdacd5e75d73f4e,
        type: 3}
      propertyPath: m_Navigation.m_Mode
      value: 4
      objectReference: {fileID: 0}
    - target: {fileID: 4789836770142850692, guid: 16ba76418e57c0f40bdacd5e75d73f4e,
        type: 3}
      propertyPath: m_Navigation.m_SelectOnLeft
      value: 
      objectReference: {fileID: 0}
    - target: {fileID: 4789836770142850692, guid: 16ba76418e57c0f40bdacd5e75d73f4e,
        type: 3}
      propertyPath: textTableFieldName.TexTable
      value: 
      objectReference: {fileID: 11400000, guid: 31d17d797aecd1440a3106a806ca451b,
        type: 2}
    - target: {fileID: 4789836770142850692, guid: 16ba76418e57c0f40bdacd5e75d73f4e,
        type: 3}
      propertyPath: textTableFieldName.FieldName
      value: AmuletEquipped
      objectReference: {fileID: 0}
    - target: {fileID: 4789836770142850692, guid: 16ba76418e57c0f40bdacd5e75d73f4e,
        type: 3}
      propertyPath: OnClick.m_PersistentCalls.m_Calls.Array.size
      value: 2
      objectReference: {fileID: 0}
    - target: {fileID: 4789836770142850692, guid: 16ba76418e57c0f40bdacd5e75d73f4e,
        type: 3}
      propertyPath: OnClick.m_PersistentCalls.m_Calls.Array.data[1].m_Mode
      value: 6
      objectReference: {fileID: 0}
    - target: {fileID: 4789836770142850692, guid: 16ba76418e57c0f40bdacd5e75d73f4e,
        type: 3}
      propertyPath: OnClick.m_PersistentCalls.m_Calls.Array.data[1].m_Target
      value: 
      objectReference: {fileID: 5266467053831602529}
    - target: {fileID: 4789836770142850692, guid: 16ba76418e57c0f40bdacd5e75d73f4e,
        type: 3}
      propertyPath: OnClick.m_PersistentCalls.m_Calls.Array.data[1].m_CallState
      value: 2
      objectReference: {fileID: 0}
    - target: {fileID: 4789836770142850692, guid: 16ba76418e57c0f40bdacd5e75d73f4e,
        type: 3}
      propertyPath: OnClick.m_PersistentCalls.m_Calls.Array.data[1].m_MethodName
      value: SetActive
      objectReference: {fileID: 0}
    - target: {fileID: 4789836770142850692, guid: 16ba76418e57c0f40bdacd5e75d73f4e,
        type: 3}
      propertyPath: OnClick.m_PersistentCalls.m_Calls.Array.data[1].m_TargetAssemblyTypeName
      value: UnityEngine.GameObject, UnityEngine
      objectReference: {fileID: 0}
    - target: {fileID: 4789836770142850692, guid: 16ba76418e57c0f40bdacd5e75d73f4e,
        type: 3}
      propertyPath: OnClick.m_PersistentCalls.m_Calls.Array.data[1].m_Arguments.m_ObjectArgumentAssemblyTypeName
      value: UnityEngine.Object, UnityEngine
      objectReference: {fileID: 0}
    - target: {fileID: 4789836770142850694, guid: 16ba76418e57c0f40bdacd5e75d73f4e,
        type: 3}
      propertyPath: m_Pivot.x
      value: 0.5
      objectReference: {fileID: 0}
    - target: {fileID: 4789836770142850694, guid: 16ba76418e57c0f40bdacd5e75d73f4e,
        type: 3}
      propertyPath: m_Pivot.y
      value: 0.5
      objectReference: {fileID: 0}
    - target: {fileID: 4789836770142850694, guid: 16ba76418e57c0f40bdacd5e75d73f4e,
        type: 3}
      propertyPath: m_RootOrder
      value: 1
      objectReference: {fileID: 0}
    - target: {fileID: 4789836770142850694, guid: 16ba76418e57c0f40bdacd5e75d73f4e,
        type: 3}
      propertyPath: m_AnchorMax.x
      value: 0.5
      objectReference: {fileID: 0}
    - target: {fileID: 4789836770142850694, guid: 16ba76418e57c0f40bdacd5e75d73f4e,
        type: 3}
      propertyPath: m_AnchorMax.y
      value: 0.5
      objectReference: {fileID: 0}
    - target: {fileID: 4789836770142850694, guid: 16ba76418e57c0f40bdacd5e75d73f4e,
        type: 3}
      propertyPath: m_AnchorMin.x
      value: 0.5
      objectReference: {fileID: 0}
    - target: {fileID: 4789836770142850694, guid: 16ba76418e57c0f40bdacd5e75d73f4e,
        type: 3}
      propertyPath: m_AnchorMin.y
      value: 0.5
      objectReference: {fileID: 0}
    - target: {fileID: 4789836770142850694, guid: 16ba76418e57c0f40bdacd5e75d73f4e,
        type: 3}
      propertyPath: m_SizeDelta.x
      value: 0
      objectReference: {fileID: 0}
    - target: {fileID: 4789836770142850694, guid: 16ba76418e57c0f40bdacd5e75d73f4e,
        type: 3}
      propertyPath: m_SizeDelta.y
      value: 0
      objectReference: {fileID: 0}
    - target: {fileID: 4789836770142850694, guid: 16ba76418e57c0f40bdacd5e75d73f4e,
        type: 3}
      propertyPath: m_LocalPosition.x
      value: 0
      objectReference: {fileID: 0}
    - target: {fileID: 4789836770142850694, guid: 16ba76418e57c0f40bdacd5e75d73f4e,
        type: 3}
      propertyPath: m_LocalPosition.y
      value: 0
      objectReference: {fileID: 0}
    - target: {fileID: 4789836770142850694, guid: 16ba76418e57c0f40bdacd5e75d73f4e,
        type: 3}
      propertyPath: m_LocalPosition.z
      value: 0
      objectReference: {fileID: 0}
    - target: {fileID: 4789836770142850694, guid: 16ba76418e57c0f40bdacd5e75d73f4e,
        type: 3}
      propertyPath: m_LocalRotation.w
      value: 1
      objectReference: {fileID: 0}
    - target: {fileID: 4789836770142850694, guid: 16ba76418e57c0f40bdacd5e75d73f4e,
        type: 3}
      propertyPath: m_LocalRotation.x
      value: -0
      objectReference: {fileID: 0}
    - target: {fileID: 4789836770142850694, guid: 16ba76418e57c0f40bdacd5e75d73f4e,
        type: 3}
      propertyPath: m_LocalRotation.y
      value: -0
      objectReference: {fileID: 0}
    - target: {fileID: 4789836770142850694, guid: 16ba76418e57c0f40bdacd5e75d73f4e,
        type: 3}
      propertyPath: m_LocalRotation.z
      value: -0
      objectReference: {fileID: 0}
    - target: {fileID: 4789836770142850694, guid: 16ba76418e57c0f40bdacd5e75d73f4e,
        type: 3}
      propertyPath: m_AnchoredPosition.x
      value: 160
      objectReference: {fileID: 0}
    - target: {fileID: 4789836770142850694, guid: 16ba76418e57c0f40bdacd5e75d73f4e,
        type: 3}
      propertyPath: m_AnchoredPosition.y
      value: 0
      objectReference: {fileID: 0}
    - target: {fileID: 4789836770142850694, guid: 16ba76418e57c0f40bdacd5e75d73f4e,
        type: 3}
      propertyPath: m_LocalEulerAnglesHint.x
      value: 0
      objectReference: {fileID: 0}
    - target: {fileID: 4789836770142850694, guid: 16ba76418e57c0f40bdacd5e75d73f4e,
        type: 3}
      propertyPath: m_LocalEulerAnglesHint.y
      value: 0
      objectReference: {fileID: 0}
    - target: {fileID: 4789836770142850694, guid: 16ba76418e57c0f40bdacd5e75d73f4e,
        type: 3}
      propertyPath: m_LocalEulerAnglesHint.z
      value: 0
      objectReference: {fileID: 0}
    - target: {fileID: 4789836770142850695, guid: 16ba76418e57c0f40bdacd5e75d73f4e,
        type: 3}
      propertyPath: m_Name
      value: CancelButton
      objectReference: {fileID: 0}
    - target: {fileID: 4789836770142850695, guid: 16ba76418e57c0f40bdacd5e75d73f4e,
        type: 3}
      propertyPath: m_IsActive
      value: 1
      objectReference: {fileID: 0}
    - target: {fileID: 6389115881880099091, guid: 16ba76418e57c0f40bdacd5e75d73f4e,
        type: 3}
      propertyPath: m_IsActive
      value: 0
      objectReference: {fileID: 0}
    - target: {fileID: 7458286035680126461, guid: 16ba76418e57c0f40bdacd5e75d73f4e,
        type: 3}
      propertyPath: m_AnchorMax.y
      value: 0
      objectReference: {fileID: 0}
    - target: {fileID: 7458286035680126461, guid: 16ba76418e57c0f40bdacd5e75d73f4e,
        type: 3}
      propertyPath: m_AnchorMin.y
      value: 0
      objectReference: {fileID: 0}
    - target: {fileID: 7458286035680126461, guid: 16ba76418e57c0f40bdacd5e75d73f4e,
        type: 3}
      propertyPath: m_SizeDelta.x
      value: 0
      objectReference: {fileID: 0}
    - target: {fileID: 7458286035680126461, guid: 16ba76418e57c0f40bdacd5e75d73f4e,
        type: 3}
      propertyPath: m_SizeDelta.y
      value: 0
      objectReference: {fileID: 0}
    - target: {fileID: 7458286035680126461, guid: 16ba76418e57c0f40bdacd5e75d73f4e,
        type: 3}
      propertyPath: m_AnchoredPosition.x
      value: 71.425
      objectReference: {fileID: 0}
    - target: {fileID: 7458286035680126461, guid: 16ba76418e57c0f40bdacd5e75d73f4e,
        type: 3}
      propertyPath: m_AnchoredPosition.y
      value: 0
      objectReference: {fileID: 0}
    - target: {fileID: 7527512641475189371, guid: 16ba76418e57c0f40bdacd5e75d73f4e,
        type: 3}
      propertyPath: m_AnchorMax.y
      value: 0
      objectReference: {fileID: 0}
    - target: {fileID: 7527512641475189371, guid: 16ba76418e57c0f40bdacd5e75d73f4e,
        type: 3}
      propertyPath: m_AnchorMin.y
      value: 0
      objectReference: {fileID: 0}
    - target: {fileID: 7527512641475189371, guid: 16ba76418e57c0f40bdacd5e75d73f4e,
        type: 3}
      propertyPath: m_SizeDelta.x
      value: 0
      objectReference: {fileID: 0}
    - target: {fileID: 7527512641475189371, guid: 16ba76418e57c0f40bdacd5e75d73f4e,
        type: 3}
      propertyPath: m_SizeDelta.y
      value: 0
      objectReference: {fileID: 0}
    - target: {fileID: 7527512641475189371, guid: 16ba76418e57c0f40bdacd5e75d73f4e,
        type: 3}
      propertyPath: m_AnchoredPosition.x
      value: 71.425
      objectReference: {fileID: 0}
    - target: {fileID: 7527512641475189371, guid: 16ba76418e57c0f40bdacd5e75d73f4e,
        type: 3}
      propertyPath: m_AnchoredPosition.y
      value: 0
      objectReference: {fileID: 0}
    - target: {fileID: 8628217132611888381, guid: 16ba76418e57c0f40bdacd5e75d73f4e,
        type: 3}
      propertyPath: BaseText
      value: Continue
      objectReference: {fileID: 0}
    - target: {fileID: 8628217132611888381, guid: 16ba76418e57c0f40bdacd5e75d73f4e,
        type: 3}
      propertyPath: localizeUI
      value: 
      objectReference: {fileID: 0}
    - target: {fileID: 8628217132611888381, guid: 16ba76418e57c0f40bdacd5e75d73f4e,
        type: 3}
      propertyPath: m_Navigation.m_SelectOnLeft
      value: 
      objectReference: {fileID: 0}
    - target: {fileID: 8628217132611888381, guid: 16ba76418e57c0f40bdacd5e75d73f4e,
        type: 3}
      propertyPath: m_Navigation.m_SelectOnRight
      value: 
      objectReference: {fileID: 0}
    - target: {fileID: 8628217132611888381, guid: 16ba76418e57c0f40bdacd5e75d73f4e,
        type: 3}
      propertyPath: OnClick.m_PersistentCalls.m_Calls.Array.data[0].m_Target
      value: 
      objectReference: {fileID: 5266467053831602529}
    - target: {fileID: 8628217132611888381, guid: 16ba76418e57c0f40bdacd5e75d73f4e,
        type: 3}
      propertyPath: OnClick.m_PersistentCalls.m_Calls.Array.data[0].m_MethodName
      value: SetActive
      objectReference: {fileID: 0}
    m_RemovedComponents: []
  m_SourcePrefab: {fileID: 100100000, guid: 16ba76418e57c0f40bdacd5e75d73f4e, type: 3}
--- !u!224 &3539110194674050956 stripped
RectTransform:
  m_CorrespondingSourceObject: {fileID: 4789836770142850694, guid: 16ba76418e57c0f40bdacd5e75d73f4e,
    type: 3}
  m_PrefabInstance: {fileID: 8315222516544743690}
  m_PrefabAsset: {fileID: 0}
