%YAML 1.1
%TAG !u! tag:unity3d.com,2011:
--- !u!1 &6975427690236572711
GameObject:
  m_ObjectHideFlags: 0
  m_CorrespondingSourceObject: {fileID: 0}
  m_PrefabInstance: {fileID: 0}
  m_PrefabAsset: {fileID: 0}
  serializedVersion: 6
  m_Component:
  - component: {fileID: 7747988143517281949}
  - component: {fileID: 6641043356535628088}
  - component: {fileID: 8920873258955757042}
  - component: {fileID: -7229156354653377333}
  - component: {fileID: 6713067778349725086}
  m_Layer: 0
  m_Name: PezDamisela 3
  m_TagString: Untagged
  m_Icon: {fileID: 0}
  m_NavMeshLayer: 0
  m_StaticEditorFlags: 0
  m_IsActive: 1
--- !u!4 &7747988143517281949
Transform:
  m_ObjectHideFlags: 0
  m_CorrespondingSourceObject: {fileID: 0}
  m_PrefabInstance: {fileID: 0}
  m_PrefabAsset: {fileID: 0}
  m_GameObject: {fileID: 6975427690236572711}
  m_LocalRotation: {x: 0, y: 0, z: 0, w: 1}
  m_LocalPosition: {x: 1.658, y: 0, z: 1.1587567}
  m_LocalScale: {x: 2, y: 2, z: 2}
  m_ConstrainProportionsScale: 0
  m_Children:
  - {fileID: 6145201094913507769}
  - {fileID: 7154655065199972543}
  m_Father: {fileID: 0}
  m_RootOrder: 0
  m_LocalEulerAnglesHint: {x: 0, y: 0, z: 0}
--- !u!33 &6641043356535628088
MeshFilter:
  m_ObjectHideFlags: 0
  m_CorrespondingSourceObject: {fileID: 0}
  m_PrefabInstance: {fileID: 0}
  m_PrefabAsset: {fileID: 0}
  m_GameObject: {fileID: 6975427690236572711}
  m_Mesh: {fileID: -6109555571881431019, guid: 9707e9ad9a4576f4c930878e6cb8dcc3, type: 3}
--- !u!23 &8920873258955757042
MeshRenderer:
  m_ObjectHideFlags: 0
  m_CorrespondingSourceObject: {fileID: 0}
  m_PrefabInstance: {fileID: 0}
  m_PrefabAsset: {fileID: 0}
  m_GameObject: {fileID: 6975427690236572711}
  m_Enabled: 1
  m_CastShadows: 1
  m_ReceiveShadows: 1
  m_DynamicOccludee: 1
  m_StaticShadowCaster: 0
  m_MotionVectors: 1
  m_LightProbeUsage: 1
  m_ReflectionProbeUsage: 1
  m_RayTracingMode: 2
  m_RayTraceProcedural: 0
  m_RenderingLayerMask: 1
  m_RendererPriority: 0
  m_Materials:
  - {fileID: 2100000, guid: b3c07712c2b1aa940a390b8c3b064447, type: 2}
  m_StaticBatchInfo:
    firstSubMesh: 0
    subMeshCount: 0
  m_StaticBatchRoot: {fileID: 0}
  m_ProbeAnchor: {fileID: 0}
  m_LightProbeVolumeOverride: {fileID: 0}
  m_ScaleInLightmap: 1
  m_ReceiveGI: 1
  m_PreserveUVs: 0
  m_IgnoreNormalsForChartDetection: 0
  m_ImportantGI: 0
  m_StitchLightmapSeams: 1
  m_SelectedEditorRenderState: 3
  m_MinimumChartSize: 4
  m_AutoUVMaxDistance: 0.5
  m_AutoUVMaxAngle: 89
  m_LightmapParameters: {fileID: 0}
  m_SortingLayerID: 0
  m_SortingLayer: 0
  m_SortingOrder: 0
  m_AdditionalVertexStreams: {fileID: 0}
--- !u!114 &-7229156354653377333
MonoBehaviour:
  m_ObjectHideFlags: 0
  m_CorrespondingSourceObject: {fileID: 0}
  m_PrefabInstance: {fileID: 0}
  m_PrefabAsset: {fileID: 0}
  m_GameObject: {fileID: 6975427690236572711}
  m_Enabled: 1
  m_EditorHideFlags: 0
  m_Script: {fileID: 11500000, guid: 01d4e311741b93848a19b93db58c9995, type: 3}
  m_Name: 
  m_EditorClassIdentifier: 
  _FOVAngle: 270
  _smoothDamp: 0.55
  layerData: {fileID: 11400000, guid: d90667e38f692854f871a6ece5614e19, type: 2}
  directionsToCheckWhenAvodingObstabcle:
  - {x: 0, y: 1, z: 0}
  - {x: 0, y: -1, z: 0}
  - {x: 1, y: 0, z: 0}
  - {x: -1, y: 0, z: 0}
  oceanSurface:
    serializedVersion: 2
    m_Bits: 524288
  switchPropiertyData: {fileID: 11400000, guid: 8bbc9a9bc11c09749b59861979fc8519,
    type: 2}
  dieDuration: 2.75
  disolveDuration: 2.1
--- !u!136 &6713067778349725086
CapsuleCollider:
  m_ObjectHideFlags: 0
  m_CorrespondingSourceObject: {fileID: 0}
  m_PrefabInstance: {fileID: 0}
  m_PrefabAsset: {fileID: 0}
  m_GameObject: {fileID: 6975427690236572711}
  m_Material: {fileID: 0}
  m_IsTrigger: 1
  m_Enabled: 1
  m_Radius: 0.33
  m_Height: 1.42
  m_Direction: 2
  m_Center: {x: 0, y: 0, z: 0}
--- !u!1 &7937689056431399731
GameObject:
  m_ObjectHideFlags: 0
  m_CorrespondingSourceObject: {fileID: 0}
  m_PrefabInstance: {fileID: 0}
  m_PrefabAsset: {fileID: 0}
  serializedVersion: 6
  m_Component:
  - component: {fileID: 6145201094913507769}
  - component: {fileID: 7177795653588041893}
  m_Layer: 0
  m_Name: TriggerColliderHelp
  m_TagString: Untagged
  m_Icon: {fileID: 0}
  m_NavMeshLayer: 0
  m_StaticEditorFlags: 0
  m_IsActive: 1
--- !u!4 &6145201094913507769
Transform:
  m_ObjectHideFlags: 0
  m_CorrespondingSourceObject: {fileID: 0}
  m_PrefabInstance: {fileID: 0}
  m_PrefabAsset: {fileID: 0}
  m_GameObject: {fileID: 7937689056431399731}
  m_LocalRotation: {x: -0, y: -0, z: -0, w: 1}
  m_LocalPosition: {x: 0, y: 0, z: 0}
  m_LocalScale: {x: 1.5, y: 1.5, z: 1.5}
  m_ConstrainProportionsScale: 0
  m_Children: []
  m_Father: {fileID: 7747988143517281949}
  m_RootOrder: 0
  m_LocalEulerAnglesHint: {x: 0, y: 0, z: 0}
--- !u!136 &7177795653588041893
CapsuleCollider:
  m_ObjectHideFlags: 0
  m_CorrespondingSourceObject: {fileID: 0}
  m_PrefabInstance: {fileID: 0}
  m_PrefabAsset: {fileID: 0}
  m_GameObject: {fileID: 7937689056431399731}
  m_Material: {fileID: 0}
  m_IsTrigger: 1
  m_Enabled: 1
  m_Radius: 0.33
  m_Height: 1.42
  m_Direction: 2
  m_Center: {x: 0, y: 0, z: 0}
--- !u!1001 &7260024299309561684
PrefabInstance:
  m_ObjectHideFlags: 0
  serializedVersion: 2
  m_Modification:
    m_TransformParent: {fileID: 7747988143517281949}
    m_Modifications:
    - target: {fileID: -8679921383154817045, guid: 9707e9ad9a4576f4c930878e6cb8dcc3,
        type: 3}
      propertyPath: m_RootOrder
      value: 1
      objectReference: {fileID: 0}
    - target: {fileID: -8679921383154817045, guid: 9707e9ad9a4576f4c930878e6cb8dcc3,
        type: 3}
      propertyPath: m_LocalPosition.x
      value: 0
      objectReference: {fileID: 0}
    - target: {fileID: -8679921383154817045, guid: 9707e9ad9a4576f4c930878e6cb8dcc3,
        type: 3}
      propertyPath: m_LocalPosition.y
      value: 0
      objectReference: {fileID: 0}
    - target: {fileID: -8679921383154817045, guid: 9707e9ad9a4576f4c930878e6cb8dcc3,
        type: 3}
      propertyPath: m_LocalPosition.z
      value: 0
      objectReference: {fileID: 0}
    - target: {fileID: -8679921383154817045, guid: 9707e9ad9a4576f4c930878e6cb8dcc3,
        type: 3}
      propertyPath: m_LocalRotation.w
      value: 1
      objectReference: {fileID: 0}
    - target: {fileID: -8679921383154817045, guid: 9707e9ad9a4576f4c930878e6cb8dcc3,
        type: 3}
      propertyPath: m_LocalRotation.x
      value: 0
      objectReference: {fileID: 0}
    - target: {fileID: -8679921383154817045, guid: 9707e9ad9a4576f4c930878e6cb8dcc3,
        type: 3}
      propertyPath: m_LocalRotation.y
      value: 0
      objectReference: {fileID: 0}
    - target: {fileID: -8679921383154817045, guid: 9707e9ad9a4576f4c930878e6cb8dcc3,
        type: 3}
      propertyPath: m_LocalRotation.z
      value: 0
      objectReference: {fileID: 0}
    - target: {fileID: -8679921383154817045, guid: 9707e9ad9a4576f4c930878e6cb8dcc3,
        type: 3}
      propertyPath: m_LocalEulerAnglesHint.x
      value: 0
      objectReference: {fileID: 0}
    - target: {fileID: -8679921383154817045, guid: 9707e9ad9a4576f4c930878e6cb8dcc3,
        type: 3}
      propertyPath: m_LocalEulerAnglesHint.y
      value: 0
      objectReference: {fileID: 0}
    - target: {fileID: -8679921383154817045, guid: 9707e9ad9a4576f4c930878e6cb8dcc3,
        type: 3}
      propertyPath: m_LocalEulerAnglesHint.z
      value: 0
      objectReference: {fileID: 0}
    - target: {fileID: -8589981610180702981, guid: 9707e9ad9a4576f4c930878e6cb8dcc3,
        type: 3}
      propertyPath: m_Materials.Array.data[0]
      value: 
      objectReference: {fileID: 2100000, guid: cc4ec864256d09a409b8aab28cce66b8, type: 2}
    - target: {fileID: -1171022175246115565, guid: 9707e9ad9a4576f4c930878e6cb8dcc3,
        type: 3}
      propertyPath: m_Materials.Array.data[0]
      value: 
      objectReference: {fileID: 2100000, guid: cc4ec864256d09a409b8aab28cce66b8, type: 2}
    - target: {fileID: 546327594666459456, guid: 9707e9ad9a4576f4c930878e6cb8dcc3,
        type: 3}
      propertyPath: m_LocalPosition.x
      value: 0
      objectReference: {fileID: 0}
    - target: {fileID: 546327594666459456, guid: 9707e9ad9a4576f4c930878e6cb8dcc3,
        type: 3}
      propertyPath: m_LocalPosition.y
      value: 0
      objectReference: {fileID: 0}
    - target: {fileID: 546327594666459456, guid: 9707e9ad9a4576f4c930878e6cb8dcc3,
        type: 3}
      propertyPath: m_LocalPosition.z
      value: 0
      objectReference: {fileID: 0}
    - target: {fileID: 570477943284538422, guid: 9707e9ad9a4576f4c930878e6cb8dcc3,
        type: 3}
      propertyPath: m_Materials.Array.data[0]
      value: 
      objectReference: {fileID: 2100000, guid: cc4ec864256d09a409b8aab28cce66b8, type: 2}
    - target: {fileID: 919132149155446097, guid: 9707e9ad9a4576f4c930878e6cb8dcc3,
        type: 3}
      propertyPath: m_Name
      value: PezDamiselaLowPoly
      objectReference: {fileID: 0}
    - target: {fileID: 1722840856892613594, guid: 9707e9ad9a4576f4c930878e6cb8dcc3,
        type: 3}
      propertyPath: m_Materials.Array.data[0]
      value: 
      objectReference: {fileID: 2100000, guid: cc4ec864256d09a409b8aab28cce66b8, type: 2}
    - target: {fileID: 4602353215289890014, guid: 9707e9ad9a4576f4c930878e6cb8dcc3,
        type: 3}
      propertyPath: m_LocalPosition.x
      value: 0
      objectReference: {fileID: 0}
    - target: {fileID: 4602353215289890014, guid: 9707e9ad9a4576f4c930878e6cb8dcc3,
        type: 3}
      propertyPath: m_LocalPosition.y
      value: 0
      objectReference: {fileID: 0}
    - target: {fileID: 4602353215289890014, guid: 9707e9ad9a4576f4c930878e6cb8dcc3,
        type: 3}
      propertyPath: m_LocalPosition.z
      value: 0
      objectReference: {fileID: 0}
    - target: {fileID: 4742473837712756890, guid: 9707e9ad9a4576f4c930878e6cb8dcc3,
        type: 3}
      propertyPath: m_FadeMode
      value: 1
      objectReference: {fileID: 0}
    - target: {fileID: 4742473837712756890, guid: 9707e9ad9a4576f4c930878e6cb8dcc3,
        type: 3}
      propertyPath: m_LODs.Array.data[0].fadeTransitionWidth
      value: 0.32
      objectReference: {fileID: 0}
    - target: {fileID: 4742473837712756890, guid: 9707e9ad9a4576f4c930878e6cb8dcc3,
        type: 3}
      propertyPath: m_LODs.Array.data[1].fadeTransitionWidth
      value: 0.32
      objectReference: {fileID: 0}
    - target: {fileID: 4742473837712756890, guid: 9707e9ad9a4576f4c930878e6cb8dcc3,
        type: 3}
      propertyPath: m_LODs.Array.data[2].fadeTransitionWidth
      value: 0.32
      objectReference: {fileID: 0}
    - target: {fileID: 4742473837712756890, guid: 9707e9ad9a4576f4c930878e6cb8dcc3,
        type: 3}
      propertyPath: m_LODs.Array.data[3].fadeTransitionWidth
      value: 0.32
      objectReference: {fileID: 0}
    - target: {fileID: 4742473837712756890, guid: 9707e9ad9a4576f4c930878e6cb8dcc3,
        type: 3}
      propertyPath: m_LODs.Array.data[0].screenRelativeHeight
      value: 0.28365642
      objectReference: {fileID: 0}
    - target: {fileID: 4742473837712756890, guid: 9707e9ad9a4576f4c930878e6cb8dcc3,
        type: 3}
      propertyPath: m_LODs.Array.data[1].screenRelativeHeight
      value: 0.08784131
      objectReference: {fileID: 0}
    - target: {fileID: 4742473837712756890, guid: 9707e9ad9a4576f4c930878e6cb8dcc3,
        type: 3}
      propertyPath: m_LODs.Array.data[2].screenRelativeHeight
      value: 0.0013
      objectReference: {fileID: 0}
    - target: {fileID: 4742473837712756890, guid: 9707e9ad9a4576f4c930878e6cb8dcc3,
        type: 3}
      propertyPath: m_LODs.Array.data[3].screenRelativeHeight
      value: 0.004552582
      objectReference: {fileID: 0}
    - target: {fileID: 7968377366612783731, guid: 9707e9ad9a4576f4c930878e6cb8dcc3,
        type: 3}
      propertyPath: m_LocalPosition.x
      value: 0
      objectReference: {fileID: 0}
    - target: {fileID: 7968377366612783731, guid: 9707e9ad9a4576f4c930878e6cb8dcc3,
        type: 3}
      propertyPath: m_LocalPosition.y
      value: 0
      objectReference: {fileID: 0}
    - target: {fileID: 7968377366612783731, guid: 9707e9ad9a4576f4c930878e6cb8dcc3,
        type: 3}
      propertyPath: m_LocalPosition.z
      value: 0
      objectReference: {fileID: 0}
    - target: {fileID: 8822715063449068074, guid: 9707e9ad9a4576f4c930878e6cb8dcc3,
        type: 3}
      propertyPath: m_LocalPosition.x
      value: 0
      objectReference: {fileID: 0}
    - target: {fileID: 8822715063449068074, guid: 9707e9ad9a4576f4c930878e6cb8dcc3,
        type: 3}
      propertyPath: m_LocalPosition.y
      value: 0
      objectReference: {fileID: 0}
    - target: {fileID: 8822715063449068074, guid: 9707e9ad9a4576f4c930878e6cb8dcc3,
        type: 3}
      propertyPath: m_LocalPosition.z
      value: 0
      objectReference: {fileID: 0}
    m_RemovedComponents: []
  m_SourcePrefab: {fileID: 100100000, guid: 9707e9ad9a4576f4c930878e6cb8dcc3, type: 3}
--- !u!4 &7154655065199972543 stripped
Transform:
  m_CorrespondingSourceObject: {fileID: -8679921383154817045, guid: 9707e9ad9a4576f4c930878e6cb8dcc3,
    type: 3}
  m_PrefabInstance: {fileID: 7260024299309561684}
  m_PrefabAsset: {fileID: 0}
