%YAML 1.1
%TAG !u! tag:unity3d.com,2011:
--- !u!1 &1160866211578576107
GameObject:
  m_ObjectHideFlags: 0
  m_CorrespondingSourceObject: {fileID: 0}
  m_PrefabInstance: {fileID: 0}
  m_PrefabAsset: {fileID: 0}
  serializedVersion: 6
  m_Component:
  - component: {fileID: 1970299581062489681}
  - component: {fileID: 3240395538303789556}
  - component: {fileID: 800732378326326590}
  - component: {fileID: 4712850830492491671}
  - component: {fileID: 1745043339192851907}
  m_Layer: 0
  m_Name: PezMariposa 1
  m_TagString: Untagged
  m_Icon: {fileID: 0}
  m_NavMeshLayer: 0
  m_StaticEditorFlags: 0
  m_IsActive: 1
--- !u!4 &1970299581062489681
Transform:
  m_ObjectHideFlags: 0
  m_CorrespondingSourceObject: {fileID: 0}
  m_PrefabInstance: {fileID: 0}
  m_PrefabAsset: {fileID: 0}
  m_GameObject: {fileID: 1160866211578576107}
  m_LocalRotation: {x: 0, y: 0, z: 0, w: 1}
  m_LocalPosition: {x: 5.154, y: -0.58, z: -0.49}
  m_LocalScale: {x: 1.86, y: 1.86, z: 1.86}
  m_ConstrainProportionsScale: 0
  m_Children:
  - {fileID: 8738312058513498616}
  - {fileID: 7377488778441851731}
  m_Father: {fileID: 0}
  m_RootOrder: 0
  m_LocalEulerAnglesHint: {x: 0, y: 0, z: 0}
--- !u!33 &3240395538303789556
MeshFilter:
  m_ObjectHideFlags: 0
  m_CorrespondingSourceObject: {fileID: 0}
  m_PrefabInstance: {fileID: 0}
  m_PrefabAsset: {fileID: 0}
  m_GameObject: {fileID: 1160866211578576107}
  m_Mesh: {fileID: -4814325357273595858, guid: 174d3e2df958eb74a9aeec5176171e79, type: 3}
--- !u!23 &800732378326326590
MeshRenderer:
  m_ObjectHideFlags: 0
  m_CorrespondingSourceObject: {fileID: 0}
  m_PrefabInstance: {fileID: 0}
  m_PrefabAsset: {fileID: 0}
  m_GameObject: {fileID: 1160866211578576107}
  m_Enabled: 1
  m_CastShadows: 1
  m_ReceiveShadows: 1
  m_DynamicOccludee: 1
  m_StaticShadowCaster: 0
  m_MotionVectors: 1
  m_LightProbeUsage: 1
  m_ReflectionProbeUsage: 1
  m_RayTracingMode: 2
  m_RayTraceProcedural: 0
  m_RenderingLayerMask: 1
  m_RendererPriority: 0
  m_Materials:
  - {fileID: 2100000, guid: 7562759af6b92489e960a757f3348a48, type: 2}
  m_StaticBatchInfo:
    firstSubMesh: 0
    subMeshCount: 0
  m_StaticBatchRoot: {fileID: 0}
  m_ProbeAnchor: {fileID: 0}
  m_LightProbeVolumeOverride: {fileID: 0}
  m_ScaleInLightmap: 1
  m_ReceiveGI: 1
  m_PreserveUVs: 0
  m_IgnoreNormalsForChartDetection: 0
  m_ImportantGI: 0
  m_StitchLightmapSeams: 1
  m_SelectedEditorRenderState: 3
  m_MinimumChartSize: 4
  m_AutoUVMaxDistance: 0.5
  m_AutoUVMaxAngle: 89
  m_LightmapParameters: {fileID: 0}
  m_SortingLayerID: 0
  m_SortingLayer: 0
  m_SortingOrder: 0
  m_AdditionalVertexStreams: {fileID: 0}
--- !u!114 &4712850830492491671
MonoBehaviour:
  m_ObjectHideFlags: 0
  m_CorrespondingSourceObject: {fileID: 0}
  m_PrefabInstance: {fileID: 0}
  m_PrefabAsset: {fileID: 0}
  m_GameObject: {fileID: 1160866211578576107}
  m_Enabled: 1
  m_EditorHideFlags: 0
  m_Script: {fileID: 11500000, guid: 01d4e311741b93848a19b93db58c9995, type: 3}
  m_Name: 
  m_EditorClassIdentifier: 
  _FOVAngle: 270
  _smoothDamp: 0.55
  layerData: {fileID: 11400000, guid: d90667e38f692854f871a6ece5614e19, type: 2}
  directionsToCheckWhenAvodingObstabcle:
  - {x: 0, y: 1, z: 0}
  - {x: 0, y: -1, z: 0}
  - {x: 1, y: 0, z: 0}
  - {x: -1, y: 0, z: 0}
  oceanSurface:
    serializedVersion: 2
    m_Bits: 524288
  switchPropiertyData: {fileID: 11400000, guid: 8bbc9a9bc11c09749b59861979fc8519,
    type: 2}
  dieDuration: 2.75
  disolveDuration: 2.1
--- !u!136 &1745043339192851907
CapsuleCollider:
  m_ObjectHideFlags: 0
  m_CorrespondingSourceObject: {fileID: 0}
  m_PrefabInstance: {fileID: 0}
  m_PrefabAsset: {fileID: 0}
  m_GameObject: {fileID: 1160866211578576107}
  m_Material: {fileID: 0}
  m_IsTrigger: 1
  m_Enabled: 1
  m_Radius: 0.68
  m_Height: 2
  m_Direction: 2
  m_Center: {x: 0, y: 0.69, z: -0}
--- !u!1 &2491326707000335515
GameObject:
  m_ObjectHideFlags: 0
  m_CorrespondingSourceObject: {fileID: 0}
  m_PrefabInstance: {fileID: 0}
  m_PrefabAsset: {fileID: 0}
  serializedVersion: 6
  m_Component:
  - component: {fileID: 8738312058513498616}
  - component: {fileID: 4454493198603996371}
  m_Layer: 0
  m_Name: TriggerColliderHelp
  m_TagString: Untagged
  m_Icon: {fileID: 0}
  m_NavMeshLayer: 0
  m_StaticEditorFlags: 0
  m_IsActive: 1
--- !u!4 &8738312058513498616
Transform:
  m_ObjectHideFlags: 0
  m_CorrespondingSourceObject: {fileID: 0}
  m_PrefabInstance: {fileID: 0}
  m_PrefabAsset: {fileID: 0}
  m_GameObject: {fileID: 2491326707000335515}
  m_LocalRotation: {x: -0, y: -0, z: -0, w: 1}
  m_LocalPosition: {x: 0, y: -0.35, z: 0}
  m_LocalScale: {x: 1.5, y: 1.5, z: 1.5}
  m_ConstrainProportionsScale: 0
  m_Children: []
  m_Father: {fileID: 1970299581062489681}
  m_RootOrder: 0
  m_LocalEulerAnglesHint: {x: 0, y: 0, z: 0}
--- !u!136 &4454493198603996371
CapsuleCollider:
  m_ObjectHideFlags: 0
  m_CorrespondingSourceObject: {fileID: 0}
  m_PrefabInstance: {fileID: 0}
  m_PrefabAsset: {fileID: 0}
  m_GameObject: {fileID: 2491326707000335515}
  m_Material: {fileID: 0}
  m_IsTrigger: 1
  m_Enabled: 1
  m_Radius: 0.68
  m_Height: 2
  m_Direction: 2
  m_Center: {x: 0, y: 0.69, z: -0}
--- !u!1001 &7055068627963765944
PrefabInstance:
  m_ObjectHideFlags: 0
  serializedVersion: 2
  m_Modification:
    m_TransformParent: {fileID: 1970299581062489681}
    m_Modifications:
    - target: {fileID: -8679921383154817045, guid: 174d3e2df958eb74a9aeec5176171e79,
        type: 3}
      propertyPath: m_RootOrder
      value: 1
      objectReference: {fileID: 0}
    - target: {fileID: -8679921383154817045, guid: 174d3e2df958eb74a9aeec5176171e79,
        type: 3}
      propertyPath: m_LocalPosition.x
      value: 0
      objectReference: {fileID: 0}
    - target: {fileID: -8679921383154817045, guid: 174d3e2df958eb74a9aeec5176171e79,
        type: 3}
      propertyPath: m_LocalPosition.y
      value: 0.691
      objectReference: {fileID: 0}
    - target: {fileID: -8679921383154817045, guid: 174d3e2df958eb74a9aeec5176171e79,
        type: 3}
      propertyPath: m_LocalPosition.z
      value: 0
      objectReference: {fileID: 0}
    - target: {fileID: -8679921383154817045, guid: 174d3e2df958eb74a9aeec5176171e79,
        type: 3}
      propertyPath: m_LocalRotation.w
      value: 1
      objectReference: {fileID: 0}
    - target: {fileID: -8679921383154817045, guid: 174d3e2df958eb74a9aeec5176171e79,
        type: 3}
      propertyPath: m_LocalRotation.x
      value: 0
      objectReference: {fileID: 0}
    - target: {fileID: -8679921383154817045, guid: 174d3e2df958eb74a9aeec5176171e79,
        type: 3}
      propertyPath: m_LocalRotation.y
      value: 0
      objectReference: {fileID: 0}
    - target: {fileID: -8679921383154817045, guid: 174d3e2df958eb74a9aeec5176171e79,
        type: 3}
      propertyPath: m_LocalRotation.z
      value: 0
      objectReference: {fileID: 0}
    - target: {fileID: -8679921383154817045, guid: 174d3e2df958eb74a9aeec5176171e79,
        type: 3}
      propertyPath: m_LocalEulerAnglesHint.x
      value: 0
      objectReference: {fileID: 0}
    - target: {fileID: -8679921383154817045, guid: 174d3e2df958eb74a9aeec5176171e79,
        type: 3}
      propertyPath: m_LocalEulerAnglesHint.y
      value: 0
      objectReference: {fileID: 0}
    - target: {fileID: -8679921383154817045, guid: 174d3e2df958eb74a9aeec5176171e79,
        type: 3}
      propertyPath: m_LocalEulerAnglesHint.z
      value: 0
      objectReference: {fileID: 0}
    - target: {fileID: -7834851931413822724, guid: 174d3e2df958eb74a9aeec5176171e79,
        type: 3}
      propertyPath: m_Materials.Array.data[0]
      value: 
      objectReference: {fileID: 2100000, guid: 7562759af6b92489e960a757f3348a48, type: 2}
    - target: {fileID: -6699095538820313785, guid: 174d3e2df958eb74a9aeec5176171e79,
        type: 3}
      propertyPath: m_LocalPosition.x
      value: 0
      objectReference: {fileID: 0}
    - target: {fileID: -6699095538820313785, guid: 174d3e2df958eb74a9aeec5176171e79,
        type: 3}
      propertyPath: m_LocalPosition.y
      value: 0
      objectReference: {fileID: 0}
    - target: {fileID: -6699095538820313785, guid: 174d3e2df958eb74a9aeec5176171e79,
        type: 3}
      propertyPath: m_LocalPosition.z
      value: 0
      objectReference: {fileID: 0}
    - target: {fileID: -5038093476119538217, guid: 174d3e2df958eb74a9aeec5176171e79,
        type: 3}
      propertyPath: m_Materials.Array.data[0]
      value: 
      objectReference: {fileID: 2100000, guid: 7562759af6b92489e960a757f3348a48, type: 2}
    - target: {fileID: -4537597814316059951, guid: 174d3e2df958eb74a9aeec5176171e79,
        type: 3}
      propertyPath: m_LocalPosition.x
      value: 0
      objectReference: {fileID: 0}
    - target: {fileID: -4537597814316059951, guid: 174d3e2df958eb74a9aeec5176171e79,
        type: 3}
      propertyPath: m_LocalPosition.y
      value: 0
      objectReference: {fileID: 0}
    - target: {fileID: -4537597814316059951, guid: 174d3e2df958eb74a9aeec5176171e79,
        type: 3}
      propertyPath: m_LocalPosition.z
      value: 0
      objectReference: {fileID: 0}
    - target: {fileID: -1860391162529257114, guid: 174d3e2df958eb74a9aeec5176171e79,
        type: 3}
      propertyPath: m_Materials.Array.data[0]
      value: 
      objectReference: {fileID: 2100000, guid: 7562759af6b92489e960a757f3348a48, type: 2}
    - target: {fileID: -1171463503165665433, guid: 174d3e2df958eb74a9aeec5176171e79,
        type: 3}
      propertyPath: m_LocalPosition.x
      value: 0
      objectReference: {fileID: 0}
    - target: {fileID: -1171463503165665433, guid: 174d3e2df958eb74a9aeec5176171e79,
        type: 3}
      propertyPath: m_LocalPosition.y
      value: 0
      objectReference: {fileID: 0}
    - target: {fileID: -1171463503165665433, guid: 174d3e2df958eb74a9aeec5176171e79,
        type: 3}
      propertyPath: m_LocalPosition.z
      value: 0
      objectReference: {fileID: 0}
    - target: {fileID: -685641751872946201, guid: 174d3e2df958eb74a9aeec5176171e79,
        type: 3}
      propertyPath: m_LocalPosition.x
      value: 0
      objectReference: {fileID: 0}
    - target: {fileID: -685641751872946201, guid: 174d3e2df958eb74a9aeec5176171e79,
        type: 3}
      propertyPath: m_LocalPosition.y
      value: 0
      objectReference: {fileID: 0}
    - target: {fileID: -685641751872946201, guid: 174d3e2df958eb74a9aeec5176171e79,
        type: 3}
      propertyPath: m_LocalPosition.z
      value: 0
      objectReference: {fileID: 0}
    - target: {fileID: 919132149155446097, guid: 174d3e2df958eb74a9aeec5176171e79,
        type: 3}
      propertyPath: m_Name
      value: Pez_Mariposa_low
      objectReference: {fileID: 0}
    - target: {fileID: 4742473837712756890, guid: 174d3e2df958eb74a9aeec5176171e79,
        type: 3}
      propertyPath: m_FadeMode
      value: 1
      objectReference: {fileID: 0}
    - target: {fileID: 4742473837712756890, guid: 174d3e2df958eb74a9aeec5176171e79,
        type: 3}
      propertyPath: m_LocalReferencePoint.y
      value: 0
      objectReference: {fileID: 0}
    - target: {fileID: 4742473837712756890, guid: 174d3e2df958eb74a9aeec5176171e79,
        type: 3}
      propertyPath: m_LocalReferencePoint.z
      value: 0
      objectReference: {fileID: 0}
    - target: {fileID: 4742473837712756890, guid: 174d3e2df958eb74a9aeec5176171e79,
        type: 3}
      propertyPath: m_LODs.Array.data[0].fadeTransitionWidth
      value: 0.32
      objectReference: {fileID: 0}
    - target: {fileID: 4742473837712756890, guid: 174d3e2df958eb74a9aeec5176171e79,
        type: 3}
      propertyPath: m_LODs.Array.data[1].fadeTransitionWidth
      value: 0.32
      objectReference: {fileID: 0}
    - target: {fileID: 4742473837712756890, guid: 174d3e2df958eb74a9aeec5176171e79,
        type: 3}
      propertyPath: m_LODs.Array.data[2].fadeTransitionWidth
      value: 0.32
      objectReference: {fileID: 0}
    - target: {fileID: 4742473837712756890, guid: 174d3e2df958eb74a9aeec5176171e79,
        type: 3}
      propertyPath: m_LODs.Array.data[3].fadeTransitionWidth
      value: 0.32
      objectReference: {fileID: 0}
    - target: {fileID: 4742473837712756890, guid: 174d3e2df958eb74a9aeec5176171e79,
        type: 3}
      propertyPath: m_LODs.Array.data[2].screenRelativeHeight
      value: 0.013572196
      objectReference: {fileID: 0}
    - target: {fileID: 4742473837712756890, guid: 174d3e2df958eb74a9aeec5176171e79,
        type: 3}
      propertyPath: m_LODs.Array.data[3].screenRelativeHeight
      value: 0.00125
      objectReference: {fileID: 0}
    - target: {fileID: 5385653892611672344, guid: 174d3e2df958eb74a9aeec5176171e79,
        type: 3}
      propertyPath: m_Materials.Array.data[0]
      value: 
      objectReference: {fileID: 2100000, guid: 7562759af6b92489e960a757f3348a48, type: 2}
    m_RemovedComponents: []
  m_SourcePrefab: {fileID: 100100000, guid: 174d3e2df958eb74a9aeec5176171e79, type: 3}
--- !u!4 &7377488778441851731 stripped
Transform:
  m_CorrespondingSourceObject: {fileID: -8679921383154817045, guid: 174d3e2df958eb74a9aeec5176171e79,
    type: 3}
  m_PrefabInstance: {fileID: 7055068627963765944}
  m_PrefabAsset: {fileID: 0}
