%YAML 1.1
%TAG !u! tag:unity3d.com,2011:
--- !u!1 &597060971199450043
GameObject:
  m_ObjectHideFlags: 0
  m_CorrespondingSourceObject: {fileID: 0}
  m_PrefabInstance: {fileID: 0}
  m_PrefabAsset: {fileID: 0}
  serializedVersion: 6
  m_Component:
  - component: {fileID: 217016548356231425}
  - component: {fileID: 3795730690883493540}
  - component: {fileID: 1389874756093241966}
  - component: {fileID: -7255121329231149701}
  - component: {fileID: 2719331674391582248}
  m_Layer: 0
  m_Name: PezPargo 3
  m_TagString: Untagged
  m_Icon: {fileID: 0}
  m_NavMeshLayer: 0
  m_StaticEditorFlags: 0
  m_IsActive: 1
--- !u!4 &217016548356231425
Transform:
  m_ObjectHideFlags: 0
  m_CorrespondingSourceObject: {fileID: 0}
  m_PrefabInstance: {fileID: 0}
  m_PrefabAsset: {fileID: 0}
  m_GameObject: {fileID: 597060971199450043}
  m_LocalRotation: {x: 0, y: -0, z: -0, w: 1}
  m_LocalPosition: {x: 6.47, y: 0, z: 9.87}
  m_LocalScale: {x: 1.68, y: 1.68, z: 1.68}
  m_ConstrainProportionsScale: 0
  m_Children:
  - {fileID: 931929707509447920}
  - {fileID: 4688308220387035566}
  m_Father: {fileID: 0}
  m_RootOrder: 0
  m_LocalEulerAnglesHint: {x: 0, y: 0, z: 0}
--- !u!33 &3795730690883493540
MeshFilter:
  m_ObjectHideFlags: 0
  m_CorrespondingSourceObject: {fileID: 0}
  m_PrefabInstance: {fileID: 0}
  m_PrefabAsset: {fileID: 0}
  m_GameObject: {fileID: 597060971199450043}
  m_Mesh: {fileID: 5813629072634155875, guid: f886759afabd1774eb35bc5ce01fa484, type: 3}
--- !u!23 &1389874756093241966
MeshRenderer:
  m_ObjectHideFlags: 0
  m_CorrespondingSourceObject: {fileID: 0}
  m_PrefabInstance: {fileID: 0}
  m_PrefabAsset: {fileID: 0}
  m_GameObject: {fileID: 597060971199450043}
  m_Enabled: 1
  m_CastShadows: 0
  m_ReceiveShadows: 1
  m_DynamicOccludee: 1
  m_StaticShadowCaster: 0
  m_MotionVectors: 1
  m_LightProbeUsage: 1
  m_ReflectionProbeUsage: 1
  m_RayTracingMode: 2
  m_RayTraceProcedural: 0
  m_RenderingLayerMask: 1
  m_RendererPriority: 0
  m_Materials:
  - {fileID: 2100000, guid: fb129414713d84a4a9a63b8e877b16d3, type: 2}
  m_StaticBatchInfo:
    firstSubMesh: 0
    subMeshCount: 0
  m_StaticBatchRoot: {fileID: 0}
  m_ProbeAnchor: {fileID: 0}
  m_LightProbeVolumeOverride: {fileID: 0}
  m_ScaleInLightmap: 1
  m_ReceiveGI: 1
  m_PreserveUVs: 0
  m_IgnoreNormalsForChartDetection: 0
  m_ImportantGI: 0
  m_StitchLightmapSeams: 1
  m_SelectedEditorRenderState: 3
  m_MinimumChartSize: 4
  m_AutoUVMaxDistance: 0.5
  m_AutoUVMaxAngle: 89
  m_LightmapParameters: {fileID: 0}
  m_SortingLayerID: 0
  m_SortingLayer: 0
  m_SortingOrder: 0
  m_AdditionalVertexStreams: {fileID: 0}
--- !u!114 &-7255121329231149701
MonoBehaviour:
  m_ObjectHideFlags: 0
  m_CorrespondingSourceObject: {fileID: 0}
  m_PrefabInstance: {fileID: 0}
  m_PrefabAsset: {fileID: 0}
  m_GameObject: {fileID: 597060971199450043}
  m_Enabled: 1
  m_EditorHideFlags: 0
  m_Script: {fileID: 11500000, guid: 01d4e311741b93848a19b93db58c9995, type: 3}
  m_Name: 
  m_EditorClassIdentifier: 
  _FOVAngle: 270
  _smoothDamp: 0.62
  layerData: {fileID: 11400000, guid: d90667e38f692854f871a6ece5614e19, type: 2}
  directionsToCheckWhenAvodingObstabcle:
  - {x: 0, y: 1, z: 0}
  - {x: 0, y: -1, z: 0}
  - {x: 1, y: 0, z: 0}
  - {x: -1, y: 0, z: 0}
  oceanSurface:
    serializedVersion: 2
    m_Bits: 524288
  switchPropiertyData: {fileID: 11400000, guid: 8bbc9a9bc11c09749b59861979fc8519,
    type: 2}
  dieDuration: 2.75
  disolveDuration: 2.1
--- !u!136 &2719331674391582248
CapsuleCollider:
  m_ObjectHideFlags: 0
  m_CorrespondingSourceObject: {fileID: 0}
  m_PrefabInstance: {fileID: 0}
  m_PrefabAsset: {fileID: 0}
  m_GameObject: {fileID: 597060971199450043}
  m_Material: {fileID: 0}
  m_IsTrigger: 1
  m_Enabled: 1
  m_Radius: 1.05
  m_Height: 5.78
  m_Direction: 2
  m_Center: {x: 0, y: 0, z: -0.8}
--- !u!1 &4501847506274225847
GameObject:
  m_ObjectHideFlags: 0
  m_CorrespondingSourceObject: {fileID: 0}
  m_PrefabInstance: {fileID: 0}
  m_PrefabAsset: {fileID: 0}
  serializedVersion: 6
  m_Component:
  - component: {fileID: 931929707509447920}
  - component: {fileID: 6017306725527611876}
  m_Layer: 0
  m_Name: TriggerColliderHelp
  m_TagString: Untagged
  m_Icon: {fileID: 0}
  m_NavMeshLayer: 0
  m_StaticEditorFlags: 0
  m_IsActive: 1
--- !u!4 &931929707509447920
Transform:
  m_ObjectHideFlags: 0
  m_CorrespondingSourceObject: {fileID: 0}
  m_PrefabInstance: {fileID: 0}
  m_PrefabAsset: {fileID: 0}
  m_GameObject: {fileID: 4501847506274225847}
  m_LocalRotation: {x: -0, y: -0, z: -0, w: 1}
  m_LocalPosition: {x: 0, y: 0, z: 0}
  m_LocalScale: {x: 1.5, y: 1.5, z: 1.5}
  m_ConstrainProportionsScale: 0
  m_Children: []
  m_Father: {fileID: 217016548356231425}
  m_RootOrder: 0
  m_LocalEulerAnglesHint: {x: 0, y: 0, z: 0}
--- !u!136 &6017306725527611876
CapsuleCollider:
  m_ObjectHideFlags: 0
  m_CorrespondingSourceObject: {fileID: 0}
  m_PrefabInstance: {fileID: 0}
  m_PrefabAsset: {fileID: 0}
  m_GameObject: {fileID: 4501847506274225847}
  m_Material: {fileID: 0}
  m_IsTrigger: 1
  m_Enabled: 1
  m_Radius: 1.05
  m_Height: 5.78
  m_Direction: 2
  m_Center: {x: 0, y: 0, z: -0.8}
--- !u!1001 &5087534867890826821
PrefabInstance:
  m_ObjectHideFlags: 0
  serializedVersion: 2
  m_Modification:
    m_TransformParent: {fileID: 217016548356231425}
    m_Modifications:
    - target: {fileID: -8679921383154817045, guid: f886759afabd1774eb35bc5ce01fa484,
        type: 3}
      propertyPath: m_RootOrder
      value: 1
      objectReference: {fileID: 0}
    - target: {fileID: -8679921383154817045, guid: f886759afabd1774eb35bc5ce01fa484,
        type: 3}
      propertyPath: m_LocalPosition.x
      value: 0
      objectReference: {fileID: 0}
    - target: {fileID: -8679921383154817045, guid: f886759afabd1774eb35bc5ce01fa484,
        type: 3}
      propertyPath: m_LocalPosition.y
      value: 0
      objectReference: {fileID: 0}
    - target: {fileID: -8679921383154817045, guid: f886759afabd1774eb35bc5ce01fa484,
        type: 3}
      propertyPath: m_LocalPosition.z
      value: 0
      objectReference: {fileID: 0}
    - target: {fileID: -8679921383154817045, guid: f886759afabd1774eb35bc5ce01fa484,
        type: 3}
      propertyPath: m_LocalRotation.w
      value: 1
      objectReference: {fileID: 0}
    - target: {fileID: -8679921383154817045, guid: f886759afabd1774eb35bc5ce01fa484,
        type: 3}
      propertyPath: m_LocalRotation.x
      value: 0
      objectReference: {fileID: 0}
    - target: {fileID: -8679921383154817045, guid: f886759afabd1774eb35bc5ce01fa484,
        type: 3}
      propertyPath: m_LocalRotation.y
      value: 0
      objectReference: {fileID: 0}
    - target: {fileID: -8679921383154817045, guid: f886759afabd1774eb35bc5ce01fa484,
        type: 3}
      propertyPath: m_LocalRotation.z
      value: 0
      objectReference: {fileID: 0}
    - target: {fileID: -8679921383154817045, guid: f886759afabd1774eb35bc5ce01fa484,
        type: 3}
      propertyPath: m_LocalEulerAnglesHint.x
      value: 0
      objectReference: {fileID: 0}
    - target: {fileID: -8679921383154817045, guid: f886759afabd1774eb35bc5ce01fa484,
        type: 3}
      propertyPath: m_LocalEulerAnglesHint.y
      value: 0
      objectReference: {fileID: 0}
    - target: {fileID: -8679921383154817045, guid: f886759afabd1774eb35bc5ce01fa484,
        type: 3}
      propertyPath: m_LocalEulerAnglesHint.z
      value: 0
      objectReference: {fileID: 0}
    - target: {fileID: -6981355376517563244, guid: f886759afabd1774eb35bc5ce01fa484,
        type: 3}
      propertyPath: m_Materials.Array.data[0]
      value: 
      objectReference: {fileID: 2100000, guid: 14682bbe470a85c4faac6c83fed8ce41, type: 2}
    - target: {fileID: -6434845536714686476, guid: f886759afabd1774eb35bc5ce01fa484,
        type: 3}
      propertyPath: m_Materials.Array.data[0]
      value: 
      objectReference: {fileID: 2100000, guid: 14682bbe470a85c4faac6c83fed8ce41, type: 2}
    - target: {fileID: -5037271580752242826, guid: f886759afabd1774eb35bc5ce01fa484,
        type: 3}
      propertyPath: m_Materials.Array.data[0]
      value: 
      objectReference: {fileID: 2100000, guid: 14682bbe470a85c4faac6c83fed8ce41, type: 2}
    - target: {fileID: 919132149155446097, guid: f886759afabd1774eb35bc5ce01fa484,
        type: 3}
      propertyPath: m_Name
      value: PezPargo_low
      objectReference: {fileID: 0}
    - target: {fileID: 8985896866564028321, guid: f886759afabd1774eb35bc5ce01fa484,
        type: 3}
      propertyPath: m_Materials.Array.data[0]
      value: 
      objectReference: {fileID: 2100000, guid: 14682bbe470a85c4faac6c83fed8ce41, type: 2}
    m_RemovedComponents: []
  m_SourcePrefab: {fileID: 100100000, guid: f886759afabd1774eb35bc5ce01fa484, type: 3}
--- !u!4 &4688308220387035566 stripped
Transform:
  m_CorrespondingSourceObject: {fileID: -8679921383154817045, guid: f886759afabd1774eb35bc5ce01fa484,
    type: 3}
  m_PrefabInstance: {fileID: 5087534867890826821}
  m_PrefabAsset: {fileID: 0}
