%YAML 1.1
%TAG !u! tag:unity3d.com,2011:
--- !u!1 &900295221558578369
GameObject:
  m_ObjectHideFlags: 0
  m_CorrespondingSourceObject: {fileID: 0}
  m_PrefabInstance: {fileID: 0}
  m_PrefabAsset: {fileID: 0}
  serializedVersion: 6
  m_Component:
  - component: {fileID: 7315198040679328068}
  m_Layer: 0
  m_Name: TargetDropPosition
  m_TagString: Untagged
  m_Icon: {fileID: 0}
  m_NavMeshLayer: 0
  m_StaticEditorFlags: 0
  m_IsActive: 1
--- !u!4 &7315198040679328068
Transform:
  m_ObjectHideFlags: 0
  m_CorrespondingSourceObject: {fileID: 0}
  m_PrefabInstance: {fileID: 0}
  m_PrefabAsset: {fileID: 0}
  m_GameObject: {fileID: 900295221558578369}
  m_LocalRotation: {x: -0, y: -0, z: -0, w: 1}
  m_LocalPosition: {x: 1.9, y: 17.1, z: 1.2}
  m_LocalScale: {x: 1, y: 1, z: 1}
  m_ConstrainProportionsScale: 0
  m_Children: []
  m_Father: {fileID: 6252651084666637475}
  m_RootOrder: 2
  m_LocalEulerAnglesHint: {x: 0, y: 0, z: 0}
--- !u!1 &3600251241584601424
GameObject:
  m_ObjectHideFlags: 0
  m_CorrespondingSourceObject: {fileID: 0}
  m_PrefabInstance: {fileID: 0}
  m_PrefabAsset: {fileID: 0}
  serializedVersion: 6
  m_Component:
  - component: {fileID: 7889033431447141571}
  - component: {fileID: 2499239123411745809}
  - component: {fileID: 696406879987775436}
  - component: {fileID: 5088999496194337122}
  - component: {fileID: 1742413632168947305}
  m_Layer: 0
  m_Name: Oil
  m_TagString: Untagged
  m_Icon: {fileID: 0}
  m_NavMeshLayer: 0
  m_StaticEditorFlags: 0
  m_IsActive: 1
--- !u!4 &7889033431447141571
Transform:
  m_ObjectHideFlags: 0
  m_CorrespondingSourceObject: {fileID: 0}
  m_PrefabInstance: {fileID: 0}
  m_PrefabAsset: {fileID: 0}
  m_GameObject: {fileID: 3600251241584601424}
  m_LocalRotation: {x: 0.031789277, y: -0.7309654, z: -0.6649939, w: 0.14987402}
  m_LocalPosition: {x: 0, y: 2.28, z: 0}
  m_LocalScale: {x: 9.465164, y: 3.0552588, z: 3.530522}
  m_ConstrainProportionsScale: 0
  m_Children: []
  m_Father: {fileID: 6252651084666637475}
  m_RootOrder: 3
  m_LocalEulerAnglesHint: {x: -104.045, y: 0.42700195, z: -185.06}
--- !u!33 &2499239123411745809
MeshFilter:
  m_ObjectHideFlags: 0
  m_CorrespondingSourceObject: {fileID: 0}
  m_PrefabInstance: {fileID: 0}
  m_PrefabAsset: {fileID: 0}
  m_GameObject: {fileID: 3600251241584601424}
  m_Mesh: {fileID: 4300000, guid: d9c2d3b5b3491844cb195e03ee9e1524, type: 3}
--- !u!23 &696406879987775436
MeshRenderer:
  m_ObjectHideFlags: 0
  m_CorrespondingSourceObject: {fileID: 0}
  m_PrefabInstance: {fileID: 0}
  m_PrefabAsset: {fileID: 0}
  m_GameObject: {fileID: 3600251241584601424}
  m_Enabled: 1
  m_CastShadows: 1
  m_ReceiveShadows: 1
  m_DynamicOccludee: 1
  m_StaticShadowCaster: 0
  m_MotionVectors: 1
  m_LightProbeUsage: 1
  m_ReflectionProbeUsage: 1
  m_RayTracingMode: 2
  m_RayTraceProcedural: 0
  m_RenderingLayerMask: 1
  m_RendererPriority: 0
  m_Materials:
  - {fileID: 2100000, guid: fa048f6a9cba38847a79d17da90bfa95, type: 2}
  m_StaticBatchInfo:
    firstSubMesh: 0
    subMeshCount: 0
  m_StaticBatchRoot: {fileID: 0}
  m_ProbeAnchor: {fileID: 0}
  m_LightProbeVolumeOverride: {fileID: 0}
  m_ScaleInLightmap: 1
  m_ReceiveGI: 1
  m_PreserveUVs: 0
  m_IgnoreNormalsForChartDetection: 0
  m_ImportantGI: 0
  m_StitchLightmapSeams: 1
  m_SelectedEditorRenderState: 3
  m_MinimumChartSize: 4
  m_AutoUVMaxDistance: 0.5
  m_AutoUVMaxAngle: 89
  m_LightmapParameters: {fileID: 0}
  m_SortingLayerID: 0
  m_SortingLayer: 0
  m_SortingOrder: 0
  m_AdditionalVertexStreams: {fileID: 0}
--- !u!114 &5088999496194337122
MonoBehaviour:
  m_ObjectHideFlags: 0
  m_CorrespondingSourceObject: {fileID: 0}
  m_PrefabInstance: {fileID: 0}
  m_PrefabAsset: {fileID: 0}
  m_GameObject: {fileID: 3600251241584601424}
  m_Enabled: 1
  m_EditorHideFlags: 0
  m_Script: {fileID: 11500000, guid: 29b562c7457d876418f9ddb5aebaf136, type: 3}
  m_Name: 
  m_EditorClassIdentifier: 
  rotationSpeed: {x: -0.75, y: 1.25, z: 1}
--- !u!114 &1742413632168947305
MonoBehaviour:
  m_ObjectHideFlags: 0
  m_CorrespondingSourceObject: {fileID: 0}
  m_PrefabInstance: {fileID: 0}
  m_PrefabAsset: {fileID: 0}
  m_GameObject: {fileID: 3600251241584601424}
  m_Enabled: 1
  m_EditorHideFlags: 0
  m_Script: {fileID: 11500000, guid: 962fee3d4cf4bdb4ba35f0eb6307400f, type: 3}
  m_Name: 
  m_EditorClassIdentifier: 
  renderers: []
--- !u!1 &6252651084666637474
GameObject:
  m_ObjectHideFlags: 0
  m_CorrespondingSourceObject: {fileID: 0}
  m_PrefabInstance: {fileID: 0}
  m_PrefabAsset: {fileID: 0}
  serializedVersion: 6
  m_Component:
  - component: {fileID: 6252651084666637475}
  - component: {fileID: 9167927907821812381}
  - component: {fileID: -103783908600501845}
  - component: {fileID: 3959453622158249763}
  m_Layer: 0
  m_Name: CoralRigidoDirty_Coral_plato1
  m_TagString: Untagged
  m_Icon: {fileID: 0}
  m_NavMeshLayer: 0
  m_StaticEditorFlags: 0
  m_IsActive: 1
--- !u!4 &6252651084666637475
Transform:
  m_ObjectHideFlags: 0
  m_CorrespondingSourceObject: {fileID: 0}
  m_PrefabInstance: {fileID: 0}
  m_PrefabAsset: {fileID: 0}
  m_GameObject: {fileID: 6252651084666637474}
  m_LocalRotation: {x: 0, y: 0, z: 0, w: 1}
  m_LocalPosition: {x: 51.171936, y: 1.9999771, z: -51.954285}
  m_LocalScale: {x: 1, y: 1, z: 1}
  m_ConstrainProportionsScale: 0
  m_Children:
  - {fileID: 3143971029840412072}
  - {fileID: 2500746628652703048}
  - {fileID: 7315198040679328068}
  - {fileID: 7889033431447141571}
  m_Father: {fileID: 0}
  m_RootOrder: 0
  m_LocalEulerAnglesHint: {x: 0, y: 0, z: 0}
--- !u!114 &9167927907821812381
MonoBehaviour:
  m_ObjectHideFlags: 0
  m_CorrespondingSourceObject: {fileID: 0}
  m_PrefabInstance: {fileID: 0}
  m_PrefabAsset: {fileID: 0}
  m_GameObject: {fileID: 6252651084666637474}
  m_Enabled: 1
  m_EditorHideFlags: 0
  m_Script: {fileID: 11500000, guid: 9eb2de301b16f474ea41b3481e910806, type: 3}
  m_Name: 
  m_EditorClassIdentifier: 
  setMaterialProvider: {fileID: 5379675789313506650}
  oilMaterialProvider: {fileID: 1742413632168947305}
  cleanParticles: {fileID: 1458613228520050807}
  trash: []
  CoralCleaned:
    m_PersistentCalls:
      m_Calls:
      - m_Target: {fileID: 3600251241584601424}
        m_TargetAssemblyTypeName: UnityEngine.GameObject, UnityEngine
        m_MethodName: SetActive
        m_Mode: 6
        m_Arguments:
          m_ObjectArgument: {fileID: 0}
          m_ObjectArgumentAssemblyTypeName: UnityEngine.Object, UnityEngine
          m_IntArgument: 0
          m_FloatArgument: 0
          m_StringArgument: 
          m_BoolArgument: 0
        m_CallState: 2
--- !u!114 &-103783908600501845
MonoBehaviour:
  m_ObjectHideFlags: 0
  m_CorrespondingSourceObject: {fileID: 0}
  m_PrefabInstance: {fileID: 0}
  m_PrefabAsset: {fileID: 0}
  m_GameObject: {fileID: 6252651084666637474}
  m_Enabled: 1
  m_EditorHideFlags: 0
  m_Script: {fileID: 11500000, guid: 8568d462a356fda458f61ce92c459e81, type: 3}
  m_Name: 
  m_EditorClassIdentifier: 
  dropObjectPrefabs:
  - {fileID: 1592440652019651198, guid: 5a7eb94a4b978264eb09cdbb76363872, type: 3}
  - {fileID: -3367444739854761265, guid: bb9862e86c69211429c0e86b71ef0810, type: 3}
  targetObjectTransform: {fileID: 7315198040679328068}
  randomAreaSize: 7
  showTargueGuidArea: 1
  offsetGuide: {x: 0, y: 6.5, z: 0}
  dropSFX: {fileID: 0}
  dropEvent:
    m_PersistentCalls:
      m_Calls: []
--- !u!65 &3959453622158249763
BoxCollider:
  m_ObjectHideFlags: 0
  m_CorrespondingSourceObject: {fileID: 0}
  m_PrefabInstance: {fileID: 0}
  m_PrefabAsset: {fileID: 0}
  m_GameObject: {fileID: 6252651084666637474}
  m_Material: {fileID: 0}
  m_IsTrigger: 1
  m_Enabled: 1
  serializedVersion: 2
  m_Size: {x: 13, y: 7.46, z: 13}
  m_Center: {x: 0, y: -2.6, z: 0}
--- !u!1001 &6252651085799890160
PrefabInstance:
  m_ObjectHideFlags: 0
  serializedVersion: 2
  m_Modification:
    m_TransformParent: {fileID: 6252651084666637475}
    m_Modifications:
    - target: {fileID: 78859538863496415, guid: aabdeddb9eaa89942b8aa5a128fe6cd9,
        type: 3}
      propertyPath: m_StaticEditorFlags
      value: 123
      objectReference: {fileID: 0}
    - target: {fileID: 271710951120929335, guid: aabdeddb9eaa89942b8aa5a128fe6cd9,
        type: 3}
      propertyPath: m_StaticEditorFlags
      value: 123
      objectReference: {fileID: 0}
    - target: {fileID: 854147301281919245, guid: aabdeddb9eaa89942b8aa5a128fe6cd9,
        type: 3}
      propertyPath: m_StaticEditorFlags
      value: 123
      objectReference: {fileID: 0}
    - target: {fileID: 1541494090948749279, guid: aabdeddb9eaa89942b8aa5a128fe6cd9,
        type: 3}
      propertyPath: m_Materials.Array.data[0]
      value: 
      objectReference: {fileID: 2100000, guid: 63725020c28b6ce46915fe4386ba6a3e, type: 2}
    - target: {fileID: 2048956062352139534, guid: aabdeddb9eaa89942b8aa5a128fe6cd9,
        type: 3}
      propertyPath: m_Materials.Array.data[0]
      value: 
      objectReference: {fileID: 2100000, guid: 63725020c28b6ce46915fe4386ba6a3e, type: 2}
    - target: {fileID: 3116236927881261108, guid: aabdeddb9eaa89942b8aa5a128fe6cd9,
        type: 3}
      propertyPath: m_Materials.Array.data[0]
      value: 
      objectReference: {fileID: 2100000, guid: 63725020c28b6ce46915fe4386ba6a3e, type: 2}
    - target: {fileID: 3580089054154718438, guid: aabdeddb9eaa89942b8aa5a128fe6cd9,
        type: 3}
      propertyPath: m_Name
      value: Coral_plato1
      objectReference: {fileID: 0}
    - target: {fileID: 5044092599159330831, guid: aabdeddb9eaa89942b8aa5a128fe6cd9,
        type: 3}
      propertyPath: m_LocalPosition.x
      value: 0
      objectReference: {fileID: 0}
    - target: {fileID: 5044092599159330831, guid: aabdeddb9eaa89942b8aa5a128fe6cd9,
        type: 3}
      propertyPath: m_LocalPosition.y
      value: 0
      objectReference: {fileID: 0}
    - target: {fileID: 5044092599159330831, guid: aabdeddb9eaa89942b8aa5a128fe6cd9,
        type: 3}
      propertyPath: m_LocalPosition.z
      value: 0
      objectReference: {fileID: 0}
    - target: {fileID: 6436276084862382851, guid: aabdeddb9eaa89942b8aa5a128fe6cd9,
        type: 3}
      propertyPath: m_Materials.Array.data[0]
      value: 
      objectReference: {fileID: 2100000, guid: 63725020c28b6ce46915fe4386ba6a3e, type: 2}
    - target: {fileID: 6937945877941799323, guid: aabdeddb9eaa89942b8aa5a128fe6cd9,
        type: 3}
      propertyPath: m_StaticEditorFlags
      value: 123
      objectReference: {fileID: 0}
    - target: {fileID: 7474657134629761282, guid: aabdeddb9eaa89942b8aa5a128fe6cd9,
        type: 3}
      propertyPath: m_StaticEditorFlags
      value: 123
      objectReference: {fileID: 0}
    - target: {fileID: 8883479407460935758, guid: aabdeddb9eaa89942b8aa5a128fe6cd9,
        type: 3}
      propertyPath: m_Materials.Array.data[0]
      value: 
      objectReference: {fileID: 2100000, guid: 63725020c28b6ce46915fe4386ba6a3e, type: 2}
    - target: {fileID: 9035419278711562584, guid: aabdeddb9eaa89942b8aa5a128fe6cd9,
        type: 3}
      propertyPath: m_RootOrder
      value: 0
      objectReference: {fileID: 0}
    - target: {fileID: 9035419278711562584, guid: aabdeddb9eaa89942b8aa5a128fe6cd9,
        type: 3}
      propertyPath: m_LocalScale.x
      value: 1
      objectReference: {fileID: 0}
    - target: {fileID: 9035419278711562584, guid: aabdeddb9eaa89942b8aa5a128fe6cd9,
        type: 3}
      propertyPath: m_LocalScale.y
      value: 1
      objectReference: {fileID: 0}
    - target: {fileID: 9035419278711562584, guid: aabdeddb9eaa89942b8aa5a128fe6cd9,
        type: 3}
      propertyPath: m_LocalScale.z
      value: 1
      objectReference: {fileID: 0}
    - target: {fileID: 9035419278711562584, guid: aabdeddb9eaa89942b8aa5a128fe6cd9,
        type: 3}
      propertyPath: m_LocalPosition.x
      value: 0
      objectReference: {fileID: 0}
    - target: {fileID: 9035419278711562584, guid: aabdeddb9eaa89942b8aa5a128fe6cd9,
        type: 3}
      propertyPath: m_LocalPosition.y
      value: 0
      objectReference: {fileID: 0}
    - target: {fileID: 9035419278711562584, guid: aabdeddb9eaa89942b8aa5a128fe6cd9,
        type: 3}
      propertyPath: m_LocalPosition.z
      value: 0
      objectReference: {fileID: 0}
    - target: {fileID: 9035419278711562584, guid: aabdeddb9eaa89942b8aa5a128fe6cd9,
        type: 3}
      propertyPath: m_LocalRotation.w
      value: 1
      objectReference: {fileID: 0}
    - target: {fileID: 9035419278711562584, guid: aabdeddb9eaa89942b8aa5a128fe6cd9,
        type: 3}
      propertyPath: m_LocalRotation.x
      value: -0
      objectReference: {fileID: 0}
    - target: {fileID: 9035419278711562584, guid: aabdeddb9eaa89942b8aa5a128fe6cd9,
        type: 3}
      propertyPath: m_LocalRotation.y
      value: -0
      objectReference: {fileID: 0}
    - target: {fileID: 9035419278711562584, guid: aabdeddb9eaa89942b8aa5a128fe6cd9,
        type: 3}
      propertyPath: m_LocalRotation.z
      value: -0
      objectReference: {fileID: 0}
    - target: {fileID: 9035419278711562584, guid: aabdeddb9eaa89942b8aa5a128fe6cd9,
        type: 3}
      propertyPath: m_LocalEulerAnglesHint.x
      value: 0
      objectReference: {fileID: 0}
    - target: {fileID: 9035419278711562584, guid: aabdeddb9eaa89942b8aa5a128fe6cd9,
        type: 3}
      propertyPath: m_LocalEulerAnglesHint.y
      value: 0
      objectReference: {fileID: 0}
    - target: {fileID: 9035419278711562584, guid: aabdeddb9eaa89942b8aa5a128fe6cd9,
        type: 3}
      propertyPath: m_LocalEulerAnglesHint.z
      value: 0
      objectReference: {fileID: 0}
    m_RemovedComponents: []
  m_SourcePrefab: {fileID: 100100000, guid: aabdeddb9eaa89942b8aa5a128fe6cd9, type: 3}
--- !u!4 &3143971029840412072 stripped
Transform:
  m_CorrespondingSourceObject: {fileID: 9035419278711562584, guid: aabdeddb9eaa89942b8aa5a128fe6cd9,
    type: 3}
  m_PrefabInstance: {fileID: 6252651085799890160}
  m_PrefabAsset: {fileID: 0}
--- !u!1 &7452024779922989078 stripped
GameObject:
  m_CorrespondingSourceObject: {fileID: 3580089054154718438, guid: aabdeddb9eaa89942b8aa5a128fe6cd9,
    type: 3}
  m_PrefabInstance: {fileID: 6252651085799890160}
  m_PrefabAsset: {fileID: 0}
--- !u!114 &5379675789313506650
MonoBehaviour:
  m_ObjectHideFlags: 0
  m_CorrespondingSourceObject: {fileID: 0}
  m_PrefabInstance: {fileID: 0}
  m_PrefabAsset: {fileID: 0}
  m_GameObject: {fileID: 7452024779922989078}
  m_Enabled: 1
  m_EditorHideFlags: 0
  m_Script: {fileID: 11500000, guid: 962fee3d4cf4bdb4ba35f0eb6307400f, type: 3}
  m_Name: 
  m_EditorClassIdentifier: 
  renderers: []
--- !u!1001 &8237021655050993318
PrefabInstance:
  m_ObjectHideFlags: 0
  serializedVersion: 2
  m_Modification:
    m_TransformParent: {fileID: 6252651084666637475}
    m_Modifications:
    - target: {fileID: 2843923399047691585, guid: 3b1180c10488db340af57f4c92c6dc05,
        type: 3}
      propertyPath: m_PropertySheet.m_NamedObject.m_Array.Array.data[0].m_Value
      value: 
      objectReference: {fileID: 8493047770623340588, guid: 16d783a5014c1a444b71596e2467ce8c,
        type: 3}
    - target: {fileID: 5835442746136601582, guid: 3b1180c10488db340af57f4c92c6dc05,
        type: 3}
      propertyPath: m_RootOrder
      value: 1
      objectReference: {fileID: 0}
    - target: {fileID: 5835442746136601582, guid: 3b1180c10488db340af57f4c92c6dc05,
        type: 3}
      propertyPath: m_LocalPosition.x
      value: 0
      objectReference: {fileID: 0}
    - target: {fileID: 5835442746136601582, guid: 3b1180c10488db340af57f4c92c6dc05,
        type: 3}
      propertyPath: m_LocalPosition.y
      value: 0
      objectReference: {fileID: 0}
    - target: {fileID: 5835442746136601582, guid: 3b1180c10488db340af57f4c92c6dc05,
        type: 3}
      propertyPath: m_LocalPosition.z
      value: 0
      objectReference: {fileID: 0}
    - target: {fileID: 5835442746136601582, guid: 3b1180c10488db340af57f4c92c6dc05,
        type: 3}
      propertyPath: m_LocalRotation.w
      value: 1
      objectReference: {fileID: 0}
    - target: {fileID: 5835442746136601582, guid: 3b1180c10488db340af57f4c92c6dc05,
        type: 3}
      propertyPath: m_LocalRotation.x
      value: -0
      objectReference: {fileID: 0}
    - target: {fileID: 5835442746136601582, guid: 3b1180c10488db340af57f4c92c6dc05,
        type: 3}
      propertyPath: m_LocalRotation.y
      value: -0
      objectReference: {fileID: 0}
    - target: {fileID: 5835442746136601582, guid: 3b1180c10488db340af57f4c92c6dc05,
        type: 3}
      propertyPath: m_LocalRotation.z
      value: -0
      objectReference: {fileID: 0}
    - target: {fileID: 5835442746136601582, guid: 3b1180c10488db340af57f4c92c6dc05,
        type: 3}
      propertyPath: m_LocalEulerAnglesHint.x
      value: 0
      objectReference: {fileID: 0}
    - target: {fileID: 5835442746136601582, guid: 3b1180c10488db340af57f4c92c6dc05,
        type: 3}
      propertyPath: m_LocalEulerAnglesHint.y
      value: 0
      objectReference: {fileID: 0}
    - target: {fileID: 5835442746136601582, guid: 3b1180c10488db340af57f4c92c6dc05,
        type: 3}
      propertyPath: m_LocalEulerAnglesHint.z
      value: 0
      objectReference: {fileID: 0}
    - target: {fileID: 6781849528566297624, guid: 3b1180c10488db340af57f4c92c6dc05,
        type: 3}
      propertyPath: m_Name
      value: ParticulaLimpiezaCoral
      objectReference: {fileID: 0}
    - target: {fileID: 6781849528566297624, guid: 3b1180c10488db340af57f4c92c6dc05,
        type: 3}
      propertyPath: m_IsActive
      value: 0
      objectReference: {fileID: 0}
    - target: {fileID: 7381908371002896081, guid: 3b1180c10488db340af57f4c92c6dc05,
        type: 3}
      propertyPath: meshEmitter
      value: 
      objectReference: {fileID: -3706162205793690560, guid: 16d783a5014c1a444b71596e2467ce8c,
        type: 3}
    - target: {fileID: 7381908371002896081, guid: 3b1180c10488db340af57f4c92c6dc05,
        type: 3}
      propertyPath: startSize.seed
      value: 0.23903322
      objectReference: {fileID: 0}
    - target: {fileID: 7381908371002896081, guid: 3b1180c10488db340af57f4c92c6dc05,
        type: 3}
      propertyPath: startSpeed.seed
      value: 0.30949885
      objectReference: {fileID: 0}
    - target: {fileID: 7381908371002896081, guid: 3b1180c10488db340af57f4c92c6dc05,
        type: 3}
      propertyPath: customInstanceID
      value: 111598
      objectReference: {fileID: 0}
    - target: {fileID: 7381908371002896081, guid: 3b1180c10488db340af57f4c92c6dc05,
        type: 3}
      propertyPath: particleMaterial
      value: 
      objectReference: {fileID: 0}
    - target: {fileID: 7381908371002896081, guid: 3b1180c10488db340af57f4c92c6dc05,
        type: 3}
      propertyPath: emissionRate.seed
      value: 0.3200392
      objectReference: {fileID: 0}
    - target: {fileID: 7381908371002896081, guid: 3b1180c10488db340af57f4c92c6dc05,
        type: 3}
      propertyPath: meshFilterEmitter
      value: 
      objectReference: {fileID: 0}
    - target: {fileID: 7381908371002896081, guid: 3b1180c10488db340af57f4c92c6dc05,
        type: 3}
      propertyPath: startLifetime.seed
      value: 0.3494571
      objectReference: {fileID: 0}
    - target: {fileID: 7381908371002896081, guid: 3b1180c10488db340af57f4c92c6dc05,
        type: 3}
      propertyPath: startRotation.seed
      value: 0.3959337
      objectReference: {fileID: 0}
    - target: {fileID: 7381908371002896081, guid: 3b1180c10488db340af57f4c92c6dc05,
        type: 3}
      propertyPath: sizeOverLifetime.seed
      value: 0.2785626
      objectReference: {fileID: 0}
    - target: {fileID: 7381908371002896081, guid: 3b1180c10488db340af57f4c92c6dc05,
        type: 3}
      propertyPath: colorOverLifetime.seed
      value: 0.17981768
      objectReference: {fileID: 0}
    - target: {fileID: 7381908371002896081, guid: 3b1180c10488db340af57f4c92c6dc05,
        type: 3}
      propertyPath: meshEmitterNormalTexture
      value: 
      objectReference: {fileID: 0}
    - target: {fileID: 7381908371002896081, guid: 3b1180c10488db340af57f4c92c6dc05,
        type: 3}
      propertyPath: particleData.metaBuffer_1
      value: 
      objectReference: {fileID: 0}
    - target: {fileID: 7381908371002896081, guid: 3b1180c10488db340af57f4c92c6dc05,
        type: 3}
      propertyPath: particleData.metaBuffer_2
      value: 
      objectReference: {fileID: 0}
    - target: {fileID: 7381908371002896081, guid: 3b1180c10488db340af57f4c92c6dc05,
        type: 3}
      propertyPath: particleData.randomBuffer
      value: 
      objectReference: {fileID: 0}
    - target: {fileID: 7381908371002896081, guid: 3b1180c10488db340af57f4c92c6dc05,
        type: 3}
      propertyPath: rotationOverLifetime.seed
      value: 0.37494785
      objectReference: {fileID: 0}
    - target: {fileID: 7381908371002896081, guid: 3b1180c10488db340af57f4c92c6dc05,
        type: 3}
      propertyPath: meshEmitterPositionTexture
      value: 
      objectReference: {fileID: 0}
    - target: {fileID: 7381908371002896081, guid: 3b1180c10488db340af57f4c92c6dc05,
        type: 3}
      propertyPath: particleData.positionBuffer_1
      value: 
      objectReference: {fileID: 0}
    - target: {fileID: 7381908371002896081, guid: 3b1180c10488db340af57f4c92c6dc05,
        type: 3}
      propertyPath: particleData.positionBuffer_2
      value: 
      objectReference: {fileID: 0}
    - target: {fileID: 7381908371002896081, guid: 3b1180c10488db340af57f4c92c6dc05,
        type: 3}
      propertyPath: particleData.velocityBuffer_1
      value: 
      objectReference: {fileID: 0}
    - target: {fileID: 7381908371002896081, guid: 3b1180c10488db340af57f4c92c6dc05,
        type: 3}
      propertyPath: particleData.velocityBuffer_2
      value: 
      objectReference: {fileID: 0}
    - target: {fileID: 7381908371002896081, guid: 3b1180c10488db340af57f4c92c6dc05,
        type: 3}
      propertyPath: particleData.newParticleBuffer
      value: 
      objectReference: {fileID: 0}
    m_RemovedComponents: []
  m_SourcePrefab: {fileID: 100100000, guid: 3b1180c10488db340af57f4c92c6dc05, type: 3}
--- !u!114 &1458613228520050807 stripped
MonoBehaviour:
  m_CorrespondingSourceObject: {fileID: 7381908371002896081, guid: 3b1180c10488db340af57f4c92c6dc05,
    type: 3}
  m_PrefabInstance: {fileID: 8237021655050993318}
  m_PrefabAsset: {fileID: 0}
  m_GameObject: {fileID: 3193685159674874558}
  m_Enabled: 1
  m_EditorHideFlags: 0
  m_Script: {fileID: 11500000, guid: 0c409c6a822467a4194dcf71c448891d, type: 3}
  m_Name: 
  m_EditorClassIdentifier: 
--- !u!4 &2500746628652703048 stripped
Transform:
  m_CorrespondingSourceObject: {fileID: 5835442746136601582, guid: 3b1180c10488db340af57f4c92c6dc05,
    type: 3}
  m_PrefabInstance: {fileID: 8237021655050993318}
  m_PrefabAsset: {fileID: 0}
--- !u!1 &3193685159674874558 stripped
GameObject:
  m_CorrespondingSourceObject: {fileID: 6781849528566297624, guid: 3b1180c10488db340af57f4c92c6dc05,
    type: 3}
  m_PrefabInstance: {fileID: 8237021655050993318}
  m_PrefabAsset: {fileID: 0}
--- !u!114 &4367049171320939548
MonoBehaviour:
  m_ObjectHideFlags: 0
  m_CorrespondingSourceObject: {fileID: 0}
  m_PrefabInstance: {fileID: 0}
  m_PrefabAsset: {fileID: 0}
  m_GameObject: {fileID: 3193685159674874558}
  m_Enabled: 1
  m_EditorHideFlags: 0
  m_Script: {fileID: 11500000, guid: 05f95526c73cad04a9ba330ab2e8b669, type: 3}
  m_Name: 
  m_EditorClassIdentifier: 
