%YAML 1.1
%TAG !u! tag:unity3d.com,2011:
--- !u!1 &71036891329287285
GameObject:
  m_ObjectHideFlags: 0
  m_CorrespondingSourceObject: {fileID: 0}
  m_PrefabInstance: {fileID: 0}
  m_PrefabAsset: {fileID: 0}
  serializedVersion: 6
  m_Component:
  - component: {fileID: 3696258147967390375}
  - component: {fileID: 5863249429090764520}
  m_Layer: 3
  m_Name: DashSFX
  m_TagString: Untagged
  m_Icon: {fileID: 0}
  m_NavMeshLayer: 0
  m_StaticEditorFlags: 0
  m_IsActive: 1
--- !u!4 &3696258147967390375
Transform:
  m_ObjectHideFlags: 0
  m_CorrespondingSourceObject: {fileID: 0}
  m_PrefabInstance: {fileID: 0}
  m_PrefabAsset: {fileID: 0}
  m_GameObject: {fileID: 71036891329287285}
  m_LocalRotation: {x: -0, y: -0, z: -0, w: 1}
  m_LocalPosition: {x: 116.57001, y: 7.100001, z: -26.099998}
  m_LocalScale: {x: 1, y: 1, z: 1}
  m_ConstrainProportionsScale: 0
  m_Children: []
  m_Father: {fileID: 9069758987013940871}
  m_RootOrder: 2
  m_LocalEulerAnglesHint: {x: 0, y: 0, z: 0}
--- !u!114 &5863249429090764520
MonoBehaviour:
  m_ObjectHideFlags: 0
  m_CorrespondingSourceObject: {fileID: 0}
  m_PrefabInstance: {fileID: 0}
  m_PrefabAsset: {fileID: 0}
  m_GameObject: {fileID: 71036891329287285}
  m_Enabled: 1
  m_EditorHideFlags: 0
  m_Script: {fileID: 11500000, guid: 9a6610d2e704f1648819acc8d7460285, type: 3}
  m_Name: 
  m_EditorClassIdentifier: 
  CollisionTag: 
  EventReference:
    Guid:
      Data1: -41139216
      Data2: 1227404940
      Data3: -1869920366
      Data4: 1196007066
    Path: event:/SFX/Coralium/Dash/Dash
  Event: 
  PlayEvent: 0
  StopEvent: 0
  AllowFadeout: 1
  TriggerOnce: 0
  Preload: 0
  Params: []
  OverrideAttenuation: 0
  OverrideMinDistance: 1
  OverrideMaxDistance: 20
--- !u!1 &2747740255981943902
GameObject:
  m_ObjectHideFlags: 0
  m_CorrespondingSourceObject: {fileID: 0}
  m_PrefabInstance: {fileID: 0}
  m_PrefabAsset: {fileID: 0}
  serializedVersion: 6
  m_Component:
  - component: {fileID: 6828233411564434775}
  m_Layer: 9
  m_Name: ModelContainer
  m_TagString: Untagged
  m_Icon: {fileID: 0}
  m_NavMeshLayer: 0
  m_StaticEditorFlags: 0
  m_IsActive: 1
--- !u!4 &6828233411564434775
Transform:
  m_ObjectHideFlags: 0
  m_CorrespondingSourceObject: {fileID: 0}
  m_PrefabInstance: {fileID: 0}
  m_PrefabAsset: {fileID: 0}
  m_GameObject: {fileID: 2747740255981943902}
  m_LocalRotation: {x: -0, y: -0, z: -0, w: 1}
  m_LocalPosition: {x: 0, y: 0, z: 0}
  m_LocalScale: {x: 1, y: 1, z: 1}
  m_ConstrainProportionsScale: 0
  m_Children:
  - {fileID: 5157249775495659317}
  m_Father: {fileID: 4706762111431870560}
  m_RootOrder: 0
  m_LocalEulerAnglesHint: {x: 0, y: 0, z: 0}
--- !u!1 &4348139709028410047
GameObject:
  m_ObjectHideFlags: 0
  m_CorrespondingSourceObject: {fileID: 0}
  m_PrefabInstance: {fileID: 0}
  m_PrefabAsset: {fileID: 0}
  serializedVersion: 6
  m_Component:
  - component: {fileID: 3223454371832526768}
  - component: {fileID: 3424917035339582960}
  m_Layer: 9
  m_Name: DeathSFX
  m_TagString: Untagged
  m_Icon: {fileID: 0}
  m_NavMeshLayer: 0
  m_StaticEditorFlags: 0
  m_IsActive: 1
--- !u!4 &3223454371832526768
Transform:
  m_ObjectHideFlags: 0
  m_CorrespondingSourceObject: {fileID: 0}
  m_PrefabInstance: {fileID: 0}
  m_PrefabAsset: {fileID: 0}
  m_GameObject: {fileID: 4348139709028410047}
  m_LocalRotation: {x: -0, y: -0, z: -0, w: 1}
  m_LocalPosition: {x: 0, y: 0, z: 0}
  m_LocalScale: {x: 1, y: 1, z: 1}
  m_ConstrainProportionsScale: 0
  m_Children: []
  m_Father: {fileID: 9069758987013940871}
  m_RootOrder: 1
  m_LocalEulerAnglesHint: {x: 0, y: 0, z: 0}
--- !u!114 &3424917035339582960
MonoBehaviour:
  m_ObjectHideFlags: 0
  m_CorrespondingSourceObject: {fileID: 0}
  m_PrefabInstance: {fileID: 0}
  m_PrefabAsset: {fileID: 0}
  m_GameObject: {fileID: 4348139709028410047}
  m_Enabled: 1
  m_EditorHideFlags: 0
  m_Script: {fileID: 11500000, guid: 9a6610d2e704f1648819acc8d7460285, type: 3}
  m_Name: 
  m_EditorClassIdentifier: 
  CollisionTag: 
  EventReference:
    Guid:
      Data1: 253972491
      Data2: 1300423168
      Data3: -1044201025
      Data4: 1631515367
    Path: event:/SFX/Enemies/Lionfish/Lionfish Death
  Event: 
  PlayEvent: 0
  StopEvent: 0
  AllowFadeout: 1
  TriggerOnce: 0
  Preload: 0
  Params: []
  OverrideAttenuation: 1
  OverrideMinDistance: 1
  OverrideMaxDistance: 1000
--- !u!1 &4706762109635200351
GameObject:
  m_ObjectHideFlags: 0
  m_CorrespondingSourceObject: {fileID: 0}
  m_PrefabInstance: {fileID: 0}
  m_PrefabAsset: {fileID: 0}
  serializedVersion: 6
  m_Component:
  - component: {fileID: 4706762109635200350}
  m_Layer: 0
  m_Name: MiddleJellyFish
  m_TagString: Untagged
  m_Icon: {fileID: 0}
  m_NavMeshLayer: 0
  m_StaticEditorFlags: 0
  m_IsActive: 1
--- !u!4 &4706762109635200350
Transform:
  m_ObjectHideFlags: 0
  m_CorrespondingSourceObject: {fileID: 0}
  m_PrefabInstance: {fileID: 0}
  m_PrefabAsset: {fileID: 0}
  m_GameObject: {fileID: 4706762109635200351}
  m_LocalRotation: {x: 0, y: 0, z: 0, w: 1}
  m_LocalPosition: {x: -41.9, y: 6.646047, z: 0}
  m_LocalScale: {x: 1, y: 1, z: 1}
  m_ConstrainProportionsScale: 0
  m_Children:
  - {fileID: 4706762111431870560}
  - {fileID: 4706762111077522846}
  m_Father: {fileID: 0}
  m_RootOrder: 0
  m_LocalEulerAnglesHint: {x: 0, y: 0, z: 0}
--- !u!1 &4706762111077522847
GameObject:
  m_ObjectHideFlags: 0
  m_CorrespondingSourceObject: {fileID: 0}
  m_PrefabInstance: {fileID: 0}
  m_PrefabAsset: {fileID: 0}
  serializedVersion: 6
  m_Component:
  - component: {fileID: 4706762111077522846}
  - component: {fileID: 4706762111077522832}
  - component: {fileID: 4706762111077522833}
  - component: {fileID: 4706762111077522834}
  - component: {fileID: 4706762111077522835}
  m_Layer: 20
  m_Name: EnemyAITrigger
  m_TagString: Untagged
  m_Icon: {fileID: 0}
  m_NavMeshLayer: 0
  m_StaticEditorFlags: 0
  m_IsActive: 1
--- !u!4 &4706762111077522846
Transform:
  m_ObjectHideFlags: 0
  m_CorrespondingSourceObject: {fileID: 0}
  m_PrefabInstance: {fileID: 0}
  m_PrefabAsset: {fileID: 0}
  m_GameObject: {fileID: 4706762111077522847}
  m_LocalRotation: {x: 0, y: 0, z: 0, w: 1}
  m_LocalPosition: {x: 0, y: 0, z: 0}
  m_LocalScale: {x: 108.946815, y: 77.93159, z: 78.87355}
  m_ConstrainProportionsScale: 0
  m_Children: []
  m_Father: {fileID: 4706762109635200350}
  m_RootOrder: 1
  m_LocalEulerAnglesHint: {x: 0, y: 0, z: 0}
--- !u!114 &4706762111077522832
MonoBehaviour:
  m_ObjectHideFlags: 0
  m_CorrespondingSourceObject: {fileID: 0}
  m_PrefabInstance: {fileID: 0}
  m_PrefabAsset: {fileID: 0}
  m_GameObject: {fileID: 4706762111077522847}
  m_Enabled: 1
  m_EditorHideFlags: 0
  m_Script: {fileID: 11500000, guid: c99bf96ddb689874f910c5a5c0d6c88b, type: 3}
  m_Name: 
  m_EditorClassIdentifier: 
  Collider: {fileID: 0}
--- !u!65 &4706762111077522833
BoxCollider:
  m_ObjectHideFlags: 0
  m_CorrespondingSourceObject: {fileID: 0}
  m_PrefabInstance: {fileID: 0}
  m_PrefabAsset: {fileID: 0}
  m_GameObject: {fileID: 4706762111077522847}
  m_Material: {fileID: 0}
  m_IsTrigger: 1
  m_Enabled: 1
  serializedVersion: 2
  m_Size: {x: 1, y: 1, z: 1}
  m_Center: {x: 0, y: 0, z: 0}
--- !u!33 &4706762111077522834
MeshFilter:
  m_ObjectHideFlags: 0
  m_CorrespondingSourceObject: {fileID: 0}
  m_PrefabInstance: {fileID: 0}
  m_PrefabAsset: {fileID: 0}
  m_GameObject: {fileID: 4706762111077522847}
  m_Mesh: {fileID: 10202, guid: 0000000000000000e000000000000000, type: 0}
--- !u!23 &4706762111077522835
MeshRenderer:
  m_ObjectHideFlags: 0
  m_CorrespondingSourceObject: {fileID: 0}
  m_PrefabInstance: {fileID: 0}
  m_PrefabAsset: {fileID: 0}
  m_GameObject: {fileID: 4706762111077522847}
  m_Enabled: 1
  m_CastShadows: 1
  m_ReceiveShadows: 1
  m_DynamicOccludee: 1
  m_StaticShadowCaster: 0
  m_MotionVectors: 1
  m_LightProbeUsage: 1
  m_ReflectionProbeUsage: 1
  m_RayTracingMode: 2
  m_RayTraceProcedural: 0
  m_RenderingLayerMask: 1
  m_RendererPriority: 0
  m_Materials:
  - {fileID: 2100000, guid: 1723b25ccf34ea84c8978263128751e4, type: 2}
  m_StaticBatchInfo:
    firstSubMesh: 0
    subMeshCount: 0
  m_StaticBatchRoot: {fileID: 0}
  m_ProbeAnchor: {fileID: 0}
  m_LightProbeVolumeOverride: {fileID: 0}
  m_ScaleInLightmap: 1
  m_ReceiveGI: 1
  m_PreserveUVs: 0
  m_IgnoreNormalsForChartDetection: 0
  m_ImportantGI: 0
  m_StitchLightmapSeams: 1
  m_SelectedEditorRenderState: 3
  m_MinimumChartSize: 4
  m_AutoUVMaxDistance: 0.5
  m_AutoUVMaxAngle: 89
  m_LightmapParameters: {fileID: 0}
  m_SortingLayerID: 0
  m_SortingLayer: 0
  m_SortingOrder: 0
  m_AdditionalVertexStreams: {fileID: 0}
--- !u!1 &4706762111431870574
GameObject:
  m_ObjectHideFlags: 0
  m_CorrespondingSourceObject: {fileID: 0}
  m_PrefabInstance: {fileID: 0}
  m_PrefabAsset: {fileID: 0}
  serializedVersion: 6
  m_Component:
  - component: {fileID: 4706762111431870560}
  - component: {fileID: 4706762111431870567}
  - component: {fileID: 266226242}
  - component: {fileID: 6568882589213030965}
  - component: {fileID: 3052382679611892149}
  - component: {fileID: 4706762111431870564}
  - component: {fileID: 4706762111431870562}
  - component: {fileID: 8195680349101639598}
  - component: {fileID: 6628123608904776447}
  - component: {fileID: 266226237}
  - component: {fileID: 4706762111431870565}
  m_Layer: 9
  m_Name: MiddleJellyFishController
  m_TagString: Untagged
  m_Icon: {fileID: 0}
  m_NavMeshLayer: 0
  m_StaticEditorFlags: 0
  m_IsActive: 1
--- !u!4 &4706762111431870560
Transform:
  m_ObjectHideFlags: 0
  m_CorrespondingSourceObject: {fileID: 0}
  m_PrefabInstance: {fileID: 0}
  m_PrefabAsset: {fileID: 0}
  m_GameObject: {fileID: 4706762111431870574}
  m_LocalRotation: {x: -0, y: -0, z: -0, w: 1}
  m_LocalPosition: {x: 0, y: 0, z: 0}
  m_LocalScale: {x: 1, y: 1, z: 1}
  m_ConstrainProportionsScale: 0
  m_Children:
  - {fileID: 6828233411564434775}
  - {fileID: 9069758987013940871}
  - {fileID: 7130563196833571998}
  m_Father: {fileID: 4706762109635200350}
  m_RootOrder: 0
  m_LocalEulerAnglesHint: {x: 0, y: 0, z: 0}
--- !u!114 &4706762111431870567
MonoBehaviour:
  m_ObjectHideFlags: 0
  m_CorrespondingSourceObject: {fileID: 0}
  m_PrefabInstance: {fileID: 0}
  m_PrefabAsset: {fileID: 0}
  m_GameObject: {fileID: 4706762111431870574}
  m_Enabled: 1
  m_EditorHideFlags: 0
  m_Script: {fileID: 11500000, guid: b875a2dbdd948174891d5e68deb16f2f, type: 3}
  m_Name: 
  m_EditorClassIdentifier: 
  BaseCharacter: {fileID: 11400000, guid: ea33554d3d56c9c4084e65624cddf04c, type: 2}
  Model: {fileID: 5537716650785236367}
  modelContainer: {fileID: 6828233411564434775}
  inunityObject: {fileID: 0}
  diedEffect: 1
  FEELSData:
    <StartIdle>k__BackingField: {fileID: 8062661214094728536}
    <StopIdle>k__BackingField: {fileID: 8738981580192289888}
    <StartStop>k__BackingField: {fileID: 1212117108856345860}
    <StopStop>k__BackingField: {fileID: 5435547051999915365}
    <StartMove>k__BackingField: {fileID: 3994190141259713524}
    <StopMove>k__BackingField: {fileID: 2256563183346696933}
    <StartDash>k__BackingField: {fileID: 5994323181335957818}
    <StopDash>k__BackingField: {fileID: 9216742438596464515}
    <StartLunge>k__BackingField: {fileID: 1183139654029551504}
    <StopLunge>k__BackingField: {fileID: 7851761695502690772}
    <StartKnockBack>k__BackingField: {fileID: 6491855993482944374}
    <StopKnockBack>k__BackingField: {fileID: 2491927713630373631}
    <StartCrashKnockBack>k__BackingField: {fileID: 2694026444881583722}
    <StopCrashKnockBack>k__BackingField: {fileID: 6574915213355032810}
    currentStretchFEEL: {fileID: 0}
  EnergiBar: {fileID: 0}
  movementEmitter: {fileID: 0}
  BaseMovementData: {fileID: 11400000, guid: 78227dfb006cfb54e8db7a19ac676f5c, type: 2}
  MovementData: {fileID: 11400000, guid: 730b1760bc7d8ad46a03d72c03f15ef4, type: 2}
  knockBackDuration: 1.5
  knockBackMultiplier: 2.25
  autoAim: 0
  deathSFX: {fileID: 3424917035339582960}
  battleMusicData:
    EventReference:
      Guid:
        Data1: 0
        Data2: 0
        Data3: 0
        Data4: 0
      Path: 
    ParameterName: 
    ParameterValue: 0
    ParameterIndex: 0
  TargetGuide: {x: 0, y: 4.5, z: 0}
--- !u!114 &266226242
MonoBehaviour:
  m_ObjectHideFlags: 0
  m_CorrespondingSourceObject: {fileID: 0}
  m_PrefabInstance: {fileID: 0}
  m_PrefabAsset: {fileID: 0}
  m_GameObject: {fileID: 4706762111431870574}
  m_Enabled: 1
  m_EditorHideFlags: 0
  m_Script: {fileID: 11500000, guid: f64efece1fab4514e8dc4c29b9de2450, type: 3}
  m_Name: 
  m_EditorClassIdentifier: 
  HorizontalMove: 0
  ActiveChase: {fileID: 4706762111077522832}
  referenceSpeedMultiplier: 0.75
  damageType: 0
--- !u!114 &6568882589213030965
MonoBehaviour:
  m_ObjectHideFlags: 0
  m_CorrespondingSourceObject: {fileID: 0}
  m_PrefabInstance: {fileID: 0}
  m_PrefabAsset: {fileID: 0}
  m_GameObject: {fileID: 4706762111431870574}
  m_Enabled: 1
  m_EditorHideFlags: 0
  m_Script: {fileID: 11500000, guid: 90efc32da37aafa4989d9a6a5ba267c2, type: 3}
  m_Name: 
  m_EditorClassIdentifier: 
  <BaseAbilities>k__BackingField:
  - {fileID: -4793735405764323992, guid: d701ba8830d25424a958adfc085b10d9, type: 3}
  CurrentAbility: {fileID: 0}
--- !u!114 &3052382679611892149
MonoBehaviour:
  m_ObjectHideFlags: 0
  m_CorrespondingSourceObject: {fileID: 0}
  m_PrefabInstance: {fileID: 0}
  m_PrefabAsset: {fileID: 0}
  m_GameObject: {fileID: 4706762111431870574}
  m_Enabled: 1
  m_EditorHideFlags: 0
  m_Script: {fileID: 11500000, guid: 8d7b55c7ecdb49a4a89fa5e6f9022861, type: 3}
  m_Name: 
  m_EditorClassIdentifier: 
  startWhenEnabled: 1
  asynchronousLoad: 0
  pauseWhenDisabled: 0
  restartWhenComplete: 0
  logTaskChanges: 0
  group: 0
  resetValuesOnRestart: 0
  externalBehavior: {fileID: 11400000, guid: 7370fe6350551814e9525b9b4f0a1677, type: 2}
  mBehaviorSource:
    behaviorName: Behavior
    behaviorDescription: 
    mTaskData:
      types: []
      parentIndex: 
      startIndex: 
      variableStartIndex: 
      JSONSerialization: '{"Variables":[{"Type":"SharedEnemyController","Name":"EnemyController","IsShared":true,"EnemyControllermValue":0},{"Type":"BehaviorDesigner.Runtime.SharedInt","Name":"AttackIndex","IsShared":true,"Int32mValue":0},{"Type":"BehaviorDesigner.Runtime.SharedBool","Name":"CanAttack","IsShared":true,"BooleanmValue":false},{"Type":"SharedEnemyCharacter","Name":"EnemyCharacter","IsShared":true,"EnemyCharactermValue":1},{"Type":"BehaviorDesigner.Runtime.SharedBool","Name":"IsFocusingPlayer","IsShared":true,"PropertyMapping":"EnemyController/IsFocusingPlayer","PropertyMappingOwner":2,"BooleanmValue":false},{"Type":"BehaviorDesigner.Runtime.SharedBool","Name":"Avoiding","IsShared":true,"BooleanmValue":false},{"Type":"BehaviorDesigner.Runtime.SharedVector3","Name":"AvoidDirection","IsShared":true,"Vector3mValue":"(0,0,0)"},{"Type":"BehaviorDesigner.Runtime.SharedBool","Name":"IsDead","IsShared":true,"PropertyMapping":"EnemyController/IsDead","PropertyMappingOwner":3,"BooleanmValue":false},{"Type":"BehaviorDesigner.Runtime.SharedBool","Name":"CanMove","IsShared":true,"PropertyMapping":"EnemyController/CanMove","PropertyMappingOwner":4,"BooleanmValue":true},{"Type":"BehaviorDesigner.Runtime.SharedBool","Name":"OnKnockBack","IsShared":true,"BooleanmValue":false},{"Type":"BehaviorDesigner.Runtime.SharedFloat","Name":"AreaMultiplier","IsShared":true,"SinglemValue":0.85}]}'
      fieldSerializationData:
        typeName: []
        fieldNameHash: 
        startIndex: 
        dataPosition: 
        unityObjects:
        - {fileID: 266226242}
        - {fileID: 4706762111431870567}
        - {fileID: 4706762111431870574}
        - {fileID: 4706762111431870574}
        - {fileID: 4706762111431870574}
        byteData: 
        byteDataArray: 
      Version: 1.7.4
  gizmoViewMode: 2
  showBehaviorDesignerGizmo: 1
--- !u!114 &4706762111431870564
MonoBehaviour:
  m_ObjectHideFlags: 0
  m_CorrespondingSourceObject: {fileID: 0}
  m_PrefabInstance: {fileID: 0}
  m_PrefabAsset: {fileID: 0}
  m_GameObject: {fileID: 4706762111431870574}
  m_Enabled: 1
  m_EditorHideFlags: 0
  m_Script: {fileID: 11500000, guid: 9efb9b224000ba946b22dc8e9e964035, type: 3}
  m_Name: 
  m_EditorClassIdentifier: 
  VelocityForceVector: {x: 0, y: 0, z: 0}
  AffectByExternalForce: 1
  ExternalVelocityForceVector: {x: 0, y: 0, z: 0}
  affectByExternalForceVelocityMultiplier: 0.75
  autoInitialize: 0
  autoRigyBody: {fileID: 0}
--- !u!54 &4706762111431870562
Rigidbody:
  m_ObjectHideFlags: 0
  m_CorrespondingSourceObject: {fileID: 0}
  m_PrefabInstance: {fileID: 0}
  m_PrefabAsset: {fileID: 0}
  m_GameObject: {fileID: 4706762111431870574}
  serializedVersion: 2
  m_Mass: 1
  m_Drag: 0
  m_AngularDrag: 0.05
  m_UseGravity: 0
  m_IsKinematic: 0
  m_Interpolate: 0
  m_Constraints: 120
  m_CollisionDetection: 0
--- !u!114 &8195680349101639598
MonoBehaviour:
  m_ObjectHideFlags: 0
  m_CorrespondingSourceObject: {fileID: 0}
  m_PrefabInstance: {fileID: 0}
  m_PrefabAsset: {fileID: 0}
  m_GameObject: {fileID: 4706762111431870574}
  m_Enabled: 1
  m_EditorHideFlags: 0
  m_Script: {fileID: 11500000, guid: 8568d462a356fda458f61ce92c459e81, type: 3}
  m_Name: 
  m_EditorClassIdentifier: 
  dropObjectPrefabs:
  - {fileID: 1592440652019651198, guid: 5a7eb94a4b978264eb09cdbb76363872, type: 3}
  - {fileID: 1592440652019651198, guid: 5a7eb94a4b978264eb09cdbb76363872, type: 3}
  - {fileID: 7083475303119813537, guid: 757fe9b1f7f9a9646b4cb67bba414d84, type: 3}
  targetObjectTransform: {fileID: 0}
  randomAreaSize: 5
  showTargueGuidArea: 0
  offsetGuide: {x: 0, y: 0, z: 0}
  dropSFX: {fileID: 0}
  dropEvent:
    m_PersistentCalls:
      m_Calls: []
--- !u!114 &6628123608904776447
MonoBehaviour:
  m_ObjectHideFlags: 0
  m_CorrespondingSourceObject: {fileID: 0}
  m_PrefabInstance: {fileID: 0}
  m_PrefabAsset: {fileID: 0}
  m_GameObject: {fileID: 4706762111431870574}
  m_Enabled: 1
  m_EditorHideFlags: 0
  m_Script: {fileID: 11500000, guid: 50cb545a855b4b94fad81854e8a1e441, type: 3}
  m_Name: 
  m_EditorClassIdentifier: 
  prefabUI: {fileID: 9104058141224047789, guid: a1c9f5dc249afc24eac92a6145793359,
    type: 3}
  targetPosition: {x: 0, y: 2.5, z: 0}
  showOnStart: 1
  showGuide: 1
  character: {fileID: 4706762111431870567}
--- !u!114 &266226237
MonoBehaviour:
  m_ObjectHideFlags: 0
  m_CorrespondingSourceObject: {fileID: 0}
  m_PrefabInstance: {fileID: 0}
  m_PrefabAsset: {fileID: 0}
  m_GameObject: {fileID: 4706762111431870574}
  m_Enabled: 1
  m_EditorHideFlags: 0
  m_Script: {fileID: 11500000, guid: c99bf96ddb689874f910c5a5c0d6c88b, type: 3}
  m_Name: 
  m_EditorClassIdentifier: 
  Collider: {fileID: 0}
--- !u!114 &4706762111431870565
MonoBehaviour:
  m_ObjectHideFlags: 0
  m_CorrespondingSourceObject: {fileID: 0}
  m_PrefabInstance: {fileID: 0}
  m_PrefabAsset: {fileID: 0}
  m_GameObject: {fileID: 4706762111431870574}
  m_Enabled: 1
  m_EditorHideFlags: 0
  m_Script: {fileID: 11500000, guid: ccf4bb4922007c543abfd5c03a517888, type: 3}
  m_Name: 
  m_EditorClassIdentifier: 
--- !u!1 &8503548100097504317
GameObject:
  m_ObjectHideFlags: 0
  m_CorrespondingSourceObject: {fileID: 0}
  m_PrefabInstance: {fileID: 0}
  m_PrefabAsset: {fileID: 0}
  serializedVersion: 6
  m_Component:
  - component: {fileID: 8331124581632127488}
  - component: {fileID: 5767803409256656644}
  m_Layer: 9
  m_Name: StartAttackSFX
  m_TagString: Untagged
  m_Icon: {fileID: 0}
  m_NavMeshLayer: 0
  m_StaticEditorFlags: 0
  m_IsActive: 1
--- !u!4 &8331124581632127488
Transform:
  m_ObjectHideFlags: 0
  m_CorrespondingSourceObject: {fileID: 0}
  m_PrefabInstance: {fileID: 0}
  m_PrefabAsset: {fileID: 0}
  m_GameObject: {fileID: 8503548100097504317}
  m_LocalRotation: {x: -0, y: -0, z: -0, w: 1}
  m_LocalPosition: {x: 0, y: 0, z: 0}
  m_LocalScale: {x: 1, y: 1, z: 1}
  m_ConstrainProportionsScale: 0
  m_Children: []
  m_Father: {fileID: 9069758987013940871}
  m_RootOrder: 0
  m_LocalEulerAnglesHint: {x: 0, y: 0, z: 0}
--- !u!114 &5767803409256656644
MonoBehaviour:
  m_ObjectHideFlags: 0
  m_CorrespondingSourceObject: {fileID: 0}
  m_PrefabInstance: {fileID: 0}
  m_PrefabAsset: {fileID: 0}
  m_GameObject: {fileID: 8503548100097504317}
  m_Enabled: 1
  m_EditorHideFlags: 0
  m_Script: {fileID: 11500000, guid: 9a6610d2e704f1648819acc8d7460285, type: 3}
  m_Name: 
  m_EditorClassIdentifier: 
  CollisionTag: 
  EventReference:
    Guid:
      Data1: -1974072172
      Data2: 1214770612
      Data3: 1312638893
      Data4: 1528329138
    Path: event:/SFX/Enemies/Lionfish/Lionfish Attack
  Event: 
  PlayEvent: 0
  StopEvent: 0
  AllowFadeout: 1
  TriggerOnce: 0
  Preload: 0
  Params: []
  OverrideAttenuation: 1
  OverrideMinDistance: 1
  OverrideMaxDistance: 1000
--- !u!1 &9117100764472718215
GameObject:
  m_ObjectHideFlags: 0
  m_CorrespondingSourceObject: {fileID: 0}
  m_PrefabInstance: {fileID: 0}
  m_PrefabAsset: {fileID: 0}
  serializedVersion: 6
  m_Component:
  - component: {fileID: 9069758987013940871}
  m_Layer: 9
  m_Name: SFX
  m_TagString: Untagged
  m_Icon: {fileID: 0}
  m_NavMeshLayer: 0
  m_StaticEditorFlags: 0
  m_IsActive: 1
--- !u!4 &9069758987013940871
Transform:
  m_ObjectHideFlags: 0
  m_CorrespondingSourceObject: {fileID: 0}
  m_PrefabInstance: {fileID: 0}
  m_PrefabAsset: {fileID: 0}
  m_GameObject: {fileID: 9117100764472718215}
  m_LocalRotation: {x: -0, y: -0, z: -0, w: 1}
  m_LocalPosition: {x: 0, y: 0, z: 0}
  m_LocalScale: {x: 1, y: 1, z: 1}
  m_ConstrainProportionsScale: 0
  m_Children:
  - {fileID: 8331124581632127488}
  - {fileID: 3223454371832526768}
  - {fileID: 3696258147967390375}
  m_Father: {fileID: 4706762111431870560}
  m_RootOrder: 1
  m_LocalEulerAnglesHint: {x: 0, y: 0, z: 0}
--- !u!1001 &2894783269900913917
PrefabInstance:
  m_ObjectHideFlags: 0
  serializedVersion: 2
  m_Modification:
    m_TransformParent: {fileID: 6828233411564434775}
    m_Modifications:
    - target: {fileID: 7274929679572789618, guid: e64d68bc4e2b39f469a5ef487d9a01b6,
        type: 3}
      propertyPath: m_Name
      value: MiddleJellyFishModel
      objectReference: {fileID: 0}
    - target: {fileID: 8051993388348715976, guid: e64d68bc4e2b39f469a5ef487d9a01b6,
        type: 3}
      propertyPath: m_RootOrder
      value: 0
      objectReference: {fileID: 0}
    - target: {fileID: 8051993388348715976, guid: e64d68bc4e2b39f469a5ef487d9a01b6,
        type: 3}
      propertyPath: m_LocalPosition.x
      value: 0
      objectReference: {fileID: 0}
    - target: {fileID: 8051993388348715976, guid: e64d68bc4e2b39f469a5ef487d9a01b6,
        type: 3}
      propertyPath: m_LocalPosition.y
      value: 0
      objectReference: {fileID: 0}
    - target: {fileID: 8051993388348715976, guid: e64d68bc4e2b39f469a5ef487d9a01b6,
        type: 3}
      propertyPath: m_LocalPosition.z
      value: 0
      objectReference: {fileID: 0}
    - target: {fileID: 8051993388348715976, guid: e64d68bc4e2b39f469a5ef487d9a01b6,
        type: 3}
      propertyPath: m_LocalRotation.w
      value: 1
      objectReference: {fileID: 0}
    - target: {fileID: 8051993388348715976, guid: e64d68bc4e2b39f469a5ef487d9a01b6,
        type: 3}
      propertyPath: m_LocalRotation.x
      value: 0
      objectReference: {fileID: 0}
    - target: {fileID: 8051993388348715976, guid: e64d68bc4e2b39f469a5ef487d9a01b6,
        type: 3}
      propertyPath: m_LocalRotation.y
      value: 0
      objectReference: {fileID: 0}
    - target: {fileID: 8051993388348715976, guid: e64d68bc4e2b39f469a5ef487d9a01b6,
        type: 3}
      propertyPath: m_LocalRotation.z
      value: 0
      objectReference: {fileID: 0}
    - target: {fileID: 8051993388348715976, guid: e64d68bc4e2b39f469a5ef487d9a01b6,
        type: 3}
      propertyPath: m_LocalEulerAnglesHint.x
      value: 0
      objectReference: {fileID: 0}
    - target: {fileID: 8051993388348715976, guid: e64d68bc4e2b39f469a5ef487d9a01b6,
        type: 3}
      propertyPath: m_LocalEulerAnglesHint.y
      value: 0
      objectReference: {fileID: 0}
    - target: {fileID: 8051993388348715976, guid: e64d68bc4e2b39f469a5ef487d9a01b6,
        type: 3}
      propertyPath: m_LocalEulerAnglesHint.z
      value: 0
      objectReference: {fileID: 0}
    m_RemovedComponents: []
  m_SourcePrefab: {fileID: 100100000, guid: e64d68bc4e2b39f469a5ef487d9a01b6, type: 3}
--- !u!4 &5157249775495659317 stripped
Transform:
  m_CorrespondingSourceObject: {fileID: 8051993388348715976, guid: e64d68bc4e2b39f469a5ef487d9a01b6,
    type: 3}
  m_PrefabInstance: {fileID: 2894783269900913917}
  m_PrefabAsset: {fileID: 0}
--- !u!1 &5537716650785236367 stripped
GameObject:
  m_CorrespondingSourceObject: {fileID: 7274929679572789618, guid: e64d68bc4e2b39f469a5ef487d9a01b6,
    type: 3}
  m_PrefabInstance: {fileID: 2894783269900913917}
  m_PrefabAsset: {fileID: 0}
--- !u!1001 &6704590904781853237
PrefabInstance:
  m_ObjectHideFlags: 0
  serializedVersion: 2
  m_Modification:
    m_TransformParent: {fileID: 4706762111431870560}
    m_Modifications:
    - target: {fileID: 447465407436092127, guid: deddad653af577d4f95c4741b59c66cf,
        type: 3}
      propertyPath: managedReferences[1346655538476482562].SquashAndStretchTarget
      value: 
      objectReference: {fileID: 6828233411564434775}
    - target: {fileID: 512505763107491139, guid: deddad653af577d4f95c4741b59c66cf,
        type: 3}
      propertyPath: managedReferences[1346655538476482562].SquashAndStretchTarget
      value: 
      objectReference: {fileID: 6828233411564434775}
    - target: {fileID: 1025519766757769999, guid: deddad653af577d4f95c4741b59c66cf,
        type: 3}
      propertyPath: managedReferences[1346655538476482562].SquashAndStretchTarget
      value: 
      objectReference: {fileID: 6828233411564434775}
    - target: {fileID: 2513870117769125302, guid: deddad653af577d4f95c4741b59c66cf,
        type: 3}
      propertyPath: managedReferences[1346655538476482562].SquashAndStretchTarget
      value: 
      objectReference: {fileID: 6828233411564434775}
    - target: {fileID: 3601879484185361377, guid: deddad653af577d4f95c4741b59c66cf,
        type: 3}
      propertyPath: managedReferences[1346655538476482562].SquashAndStretchTarget
      value: 
      objectReference: {fileID: 6828233411564434775}
    - target: {fileID: 3636060922489005208, guid: deddad653af577d4f95c4741b59c66cf,
        type: 3}
      propertyPath: m_Name
      value: BaseFEELS
      objectReference: {fileID: 0}
    - target: {fileID: 4611585505193850539, guid: deddad653af577d4f95c4741b59c66cf,
        type: 3}
      propertyPath: m_RootOrder
      value: 2
      objectReference: {fileID: 0}
    - target: {fileID: 4611585505193850539, guid: deddad653af577d4f95c4741b59c66cf,
        type: 3}
      propertyPath: m_LocalPosition.x
      value: 0
      objectReference: {fileID: 0}
    - target: {fileID: 4611585505193850539, guid: deddad653af577d4f95c4741b59c66cf,
        type: 3}
      propertyPath: m_LocalPosition.y
      value: 0
      objectReference: {fileID: 0}
    - target: {fileID: 4611585505193850539, guid: deddad653af577d4f95c4741b59c66cf,
        type: 3}
      propertyPath: m_LocalPosition.z
      value: 0
      objectReference: {fileID: 0}
    - target: {fileID: 4611585505193850539, guid: deddad653af577d4f95c4741b59c66cf,
        type: 3}
      propertyPath: m_LocalRotation.w
      value: 1
      objectReference: {fileID: 0}
    - target: {fileID: 4611585505193850539, guid: deddad653af577d4f95c4741b59c66cf,
        type: 3}
      propertyPath: m_LocalRotation.x
      value: -0
      objectReference: {fileID: 0}
    - target: {fileID: 4611585505193850539, guid: deddad653af577d4f95c4741b59c66cf,
        type: 3}
      propertyPath: m_LocalRotation.y
      value: -0
      objectReference: {fileID: 0}
    - target: {fileID: 4611585505193850539, guid: deddad653af577d4f95c4741b59c66cf,
        type: 3}
      propertyPath: m_LocalRotation.z
      value: -0
      objectReference: {fileID: 0}
    - target: {fileID: 4611585505193850539, guid: deddad653af577d4f95c4741b59c66cf,
        type: 3}
      propertyPath: m_LocalEulerAnglesHint.x
      value: 0
      objectReference: {fileID: 0}
    - target: {fileID: 4611585505193850539, guid: deddad653af577d4f95c4741b59c66cf,
        type: 3}
      propertyPath: m_LocalEulerAnglesHint.y
      value: 0
      objectReference: {fileID: 0}
    - target: {fileID: 4611585505193850539, guid: deddad653af577d4f95c4741b59c66cf,
        type: 3}
      propertyPath: m_LocalEulerAnglesHint.z
      value: 0
      objectReference: {fileID: 0}
    - target: {fileID: 4781575570046357712, guid: deddad653af577d4f95c4741b59c66cf,
        type: 3}
      propertyPath: managedReferences[1346655538476482562].SquashAndStretchTarget
      value: 
      objectReference: {fileID: 6828233411564434775}
    - target: {fileID: 5575499051694716325, guid: deddad653af577d4f95c4741b59c66cf,
        type: 3}
      propertyPath: managedReferences[1346655538476482562].SquashAndStretchTarget
      value: 
      objectReference: {fileID: 6828233411564434775}
    - target: {fileID: 7666616553239042497, guid: deddad653af577d4f95c4741b59c66cf,
        type: 3}
      propertyPath: managedReferences[1346655538476482562].SquashAndStretchTarget
      value: 
      objectReference: {fileID: 6828233411564434775}
    - target: {fileID: 8676298073115888735, guid: deddad653af577d4f95c4741b59c66cf,
        type: 3}
      propertyPath: managedReferences[1346655538476482562].SquashAndStretchTarget
      value: 
      objectReference: {fileID: 6828233411564434775}
    - target: {fileID: 9195900645607314634, guid: deddad653af577d4f95c4741b59c66cf,
        type: 3}
      propertyPath: managedReferences[1346655538476482562].SquashAndStretchTarget
      value: 
      objectReference: {fileID: 6828233411564434775}
    m_RemovedComponents: []
  m_SourcePrefab: {fileID: 100100000, guid: deddad653af577d4f95c4741b59c66cf, type: 3}
--- !u!114 &1183139654029551504 stripped
MonoBehaviour:
  m_CorrespondingSourceObject: {fileID: 5575499051694716325, guid: deddad653af577d4f95c4741b59c66cf,
    type: 3}
  m_PrefabInstance: {fileID: 6704590904781853237}
  m_PrefabAsset: {fileID: 0}
  m_GameObject: {fileID: 0}
  m_Enabled: 1
  m_EditorHideFlags: 0
  m_Script: {fileID: 11500000, guid: 6da43522623d4704e979466dc7650b65, type: 3}
  m_Name: 
  m_EditorClassIdentifier: 
--- !u!114 &1212117108856345860 stripped
MonoBehaviour:
  m_CorrespondingSourceObject: {fileID: 5609571922797397809, guid: deddad653af577d4f95c4741b59c66cf,
    type: 3}
  m_PrefabInstance: {fileID: 6704590904781853237}
  m_PrefabAsset: {fileID: 0}
  m_GameObject: {fileID: 0}
  m_Enabled: 1
  m_EditorHideFlags: 0
  m_Script: {fileID: 11500000, guid: 6da43522623d4704e979466dc7650b65, type: 3}
  m_Name: 
  m_EditorClassIdentifier: 
--- !u!114 &2256563183346696933 stripped
MonoBehaviour:
  m_CorrespondingSourceObject: {fileID: 4781575570046357712, guid: deddad653af577d4f95c4741b59c66cf,
    type: 3}
  m_PrefabInstance: {fileID: 6704590904781853237}
  m_PrefabAsset: {fileID: 0}
  m_GameObject: {fileID: 0}
  m_Enabled: 1
  m_EditorHideFlags: 0
  m_Script: {fileID: 11500000, guid: 6da43522623d4704e979466dc7650b65, type: 3}
  m_Name: 
  m_EditorClassIdentifier: 
--- !u!114 &2491927713630373631 stripped
MonoBehaviour:
  m_CorrespondingSourceObject: {fileID: 9195900645607314634, guid: deddad653af577d4f95c4741b59c66cf,
    type: 3}
  m_PrefabInstance: {fileID: 6704590904781853237}
  m_PrefabAsset: {fileID: 0}
  m_GameObject: {fileID: 0}
  m_Enabled: 1
  m_EditorHideFlags: 0
  m_Script: {fileID: 11500000, guid: 6da43522623d4704e979466dc7650b65, type: 3}
  m_Name: 
  m_EditorClassIdentifier: 
--- !u!114 &2694026444881583722 stripped
MonoBehaviour:
  m_CorrespondingSourceObject: {fileID: 8676298073115888735, guid: deddad653af577d4f95c4741b59c66cf,
    type: 3}
  m_PrefabInstance: {fileID: 6704590904781853237}
  m_PrefabAsset: {fileID: 0}
  m_GameObject: {fileID: 0}
  m_Enabled: 1
  m_EditorHideFlags: 0
  m_Script: {fileID: 11500000, guid: 6da43522623d4704e979466dc7650b65, type: 3}
  m_Name: 
  m_EditorClassIdentifier: 
--- !u!114 &3994190141259713524 stripped
MonoBehaviour:
  m_CorrespondingSourceObject: {fileID: 7666616553239042497, guid: deddad653af577d4f95c4741b59c66cf,
    type: 3}
  m_PrefabInstance: {fileID: 6704590904781853237}
  m_PrefabAsset: {fileID: 0}
  m_GameObject: {fileID: 0}
  m_Enabled: 1
  m_EditorHideFlags: 0
  m_Script: {fileID: 11500000, guid: 6da43522623d4704e979466dc7650b65, type: 3}
  m_Name: 
  m_EditorClassIdentifier: 
--- !u!114 &5435547051999915365 stripped
MonoBehaviour:
  m_CorrespondingSourceObject: {fileID: 1613850907025751888, guid: deddad653af577d4f95c4741b59c66cf,
    type: 3}
  m_PrefabInstance: {fileID: 6704590904781853237}
  m_PrefabAsset: {fileID: 0}
  m_GameObject: {fileID: 0}
  m_Enabled: 1
  m_EditorHideFlags: 0
  m_Script: {fileID: 11500000, guid: 6da43522623d4704e979466dc7650b65, type: 3}
  m_Name: 
  m_EditorClassIdentifier: 
--- !u!114 &5994323181335957818 stripped
MonoBehaviour:
  m_CorrespondingSourceObject: {fileID: 1025519766757769999, guid: deddad653af577d4f95c4741b59c66cf,
    type: 3}
  m_PrefabInstance: {fileID: 6704590904781853237}
  m_PrefabAsset: {fileID: 0}
  m_GameObject: {fileID: 0}
  m_Enabled: 1
  m_EditorHideFlags: 0
  m_Script: {fileID: 11500000, guid: 6da43522623d4704e979466dc7650b65, type: 3}
  m_Name: 
  m_EditorClassIdentifier: 
--- !u!114 &6491855993482944374 stripped
MonoBehaviour:
  m_CorrespondingSourceObject: {fileID: 512505763107491139, guid: deddad653af577d4f95c4741b59c66cf,
    type: 3}
  m_PrefabInstance: {fileID: 6704590904781853237}
  m_PrefabAsset: {fileID: 0}
  m_GameObject: {fileID: 0}
  m_Enabled: 1
  m_EditorHideFlags: 0
  m_Script: {fileID: 11500000, guid: 6da43522623d4704e979466dc7650b65, type: 3}
  m_Name: 
  m_EditorClassIdentifier: 
--- !u!114 &6574915213355032810 stripped
MonoBehaviour:
  m_CorrespondingSourceObject: {fileID: 447465407436092127, guid: deddad653af577d4f95c4741b59c66cf,
    type: 3}
  m_PrefabInstance: {fileID: 6704590904781853237}
  m_PrefabAsset: {fileID: 0}
  m_GameObject: {fileID: 0}
  m_Enabled: 1
  m_EditorHideFlags: 0
  m_Script: {fileID: 11500000, guid: 6da43522623d4704e979466dc7650b65, type: 3}
  m_Name: 
  m_EditorClassIdentifier: 
--- !u!4 &7130563196833571998 stripped
Transform:
  m_CorrespondingSourceObject: {fileID: 4611585505193850539, guid: deddad653af577d4f95c4741b59c66cf,
    type: 3}
  m_PrefabInstance: {fileID: 6704590904781853237}
  m_PrefabAsset: {fileID: 0}
--- !u!114 &7851761695502690772 stripped
MonoBehaviour:
  m_CorrespondingSourceObject: {fileID: 3601879484185361377, guid: deddad653af577d4f95c4741b59c66cf,
    type: 3}
  m_PrefabInstance: {fileID: 6704590904781853237}
  m_PrefabAsset: {fileID: 0}
  m_GameObject: {fileID: 0}
  m_Enabled: 1
  m_EditorHideFlags: 0
  m_Script: {fileID: 11500000, guid: 6da43522623d4704e979466dc7650b65, type: 3}
  m_Name: 
  m_EditorClassIdentifier: 
--- !u!114 &8062661214094728536 stripped
MonoBehaviour:
  m_CorrespondingSourceObject: {fileID: 3670203141417717613, guid: deddad653af577d4f95c4741b59c66cf,
    type: 3}
  m_PrefabInstance: {fileID: 6704590904781853237}
  m_PrefabAsset: {fileID: 0}
  m_GameObject: {fileID: 0}
  m_Enabled: 1
  m_EditorHideFlags: 0
  m_Script: {fileID: 11500000, guid: 6da43522623d4704e979466dc7650b65, type: 3}
  m_Name: 
  m_EditorClassIdentifier: 
--- !u!114 &8738981580192289888 stripped
MonoBehaviour:
  m_CorrespondingSourceObject: {fileID: 2615576078900348501, guid: deddad653af577d4f95c4741b59c66cf,
    type: 3}
  m_PrefabInstance: {fileID: 6704590904781853237}
  m_PrefabAsset: {fileID: 0}
  m_GameObject: {fileID: 0}
  m_Enabled: 1
  m_EditorHideFlags: 0
  m_Script: {fileID: 11500000, guid: 6da43522623d4704e979466dc7650b65, type: 3}
  m_Name: 
  m_EditorClassIdentifier: 
--- !u!114 &9216742438596464515 stripped
MonoBehaviour:
  m_CorrespondingSourceObject: {fileID: 2513870117769125302, guid: deddad653af577d4f95c4741b59c66cf,
    type: 3}
  m_PrefabInstance: {fileID: 6704590904781853237}
  m_PrefabAsset: {fileID: 0}
  m_GameObject: {fileID: 0}
  m_Enabled: 1
  m_EditorHideFlags: 0
  m_Script: {fileID: 11500000, guid: 6da43522623d4704e979466dc7650b65, type: 3}
  m_Name: 
  m_EditorClassIdentifier: 
