%YAML 1.1
%TAG !u! tag:unity3d.com,2011:
--- !u!1 &1154000523
GameObject:
  m_ObjectHideFlags: 0
  m_CorrespondingSourceObject: {fileID: 0}
  m_PrefabInstance: {fileID: 0}
  m_PrefabAsset: {fileID: 0}
  serializedVersion: 6
  m_Component:
  - component: {fileID: 1154000524}
  - component: {fileID: 1231307381194880375}
  - component: {fileID: 8715045095153444375}
  m_Layer: 0
  m_Name: VFX
  m_TagString: Untagged
  m_Icon: {fileID: 0}
  m_NavMeshLayer: 0
  m_StaticEditorFlags: 0
  m_IsActive: 1
--- !u!4 &1154000524
Transform:
  m_ObjectHideFlags: 0
  m_CorrespondingSourceObject: {fileID: 0}
  m_PrefabInstance: {fileID: 0}
  m_PrefabAsset: {fileID: 0}
  m_GameObject: {fileID: 1154000523}
  m_LocalRotation: {x: 0, y: 0, z: 0, w: 1}
  m_LocalPosition: {x: 0, y: 0, z: 0}
  m_LocalScale: {x: 1, y: 1, z: 1}
  m_ConstrainProportionsScale: 0
  m_Children:
  - {fileID: 2116448523199786517}
  m_Father: {fileID: 5770188284036766664}
  m_RootOrder: 0
  m_LocalEulerAnglesHint: {x: 0, y: 0, z: 0}
--- !u!114 &1231307381194880375
MonoBehaviour:
  m_ObjectHideFlags: 0
  m_CorrespondingSourceObject: {fileID: 0}
  m_PrefabInstance: {fileID: 0}
  m_PrefabAsset: {fileID: 0}
  m_GameObject: {fileID: 1154000523}
  m_Enabled: 1
  m_EditorHideFlags: 0
  m_Script: {fileID: 11500000, guid: 788043a62252eb64f8d9d2d7e05b3fd5, type: 3}
  m_Name: 
  m_EditorClassIdentifier: 
  duration: 1
  delay: 1
  InhaleEffect: {fileID: 3338821224036325062}
  maxSize: 1
  minSize: 0.9
--- !u!33 &8715045095153444375
MeshFilter:
  m_ObjectHideFlags: 0
  m_CorrespondingSourceObject: {fileID: 0}
  m_PrefabInstance: {fileID: 0}
  m_PrefabAsset: {fileID: 0}
  m_GameObject: {fileID: 1154000523}
  m_Mesh: {fileID: 10207, guid: 0000000000000000e000000000000000, type: 0}
--- !u!1 &4444735832526058009
GameObject:
  m_ObjectHideFlags: 0
  m_CorrespondingSourceObject: {fileID: 0}
  m_PrefabInstance: {fileID: 0}
  m_PrefabAsset: {fileID: 0}
  serializedVersion: 6
  m_Component:
  - component: {fileID: 5770188284036766664}
  - component: {fileID: 4414834042825766282}
  m_Layer: 0
  m_Name: BlowFishAttractBehaviour
  m_TagString: Untagged
  m_Icon: {fileID: 0}
  m_NavMeshLayer: 0
  m_StaticEditorFlags: 0
  m_IsActive: 1
--- !u!4 &5770188284036766664
Transform:
  m_ObjectHideFlags: 0
  m_CorrespondingSourceObject: {fileID: 0}
  m_PrefabInstance: {fileID: 0}
  m_PrefabAsset: {fileID: 0}
  m_GameObject: {fileID: 4444735832526058009}
  m_LocalRotation: {x: 0, y: 0, z: 0, w: 1}
  m_LocalPosition: {x: 0, y: 0, z: 0}
  m_LocalScale: {x: 1, y: 1, z: 1}
  m_ConstrainProportionsScale: 0
  m_Children:
  - {fileID: 1154000524}
  m_Father: {fileID: 0}
  m_RootOrder: 0
  m_LocalEulerAnglesHint: {x: 0, y: 0, z: 0}
--- !u!114 &4414834042825766282
MonoBehaviour:
  m_ObjectHideFlags: 0
  m_CorrespondingSourceObject: {fileID: 0}
  m_PrefabInstance: {fileID: 0}
  m_PrefabAsset: {fileID: 0}
  m_GameObject: {fileID: 4444735832526058009}
  m_Enabled: 1
  m_EditorHideFlags: 0
  m_Script: {fileID: 11500000, guid: 527c2b0a7a413bf48bedda009d6fb8ed, type: 3}
  m_Name: 
  m_EditorClassIdentifier: 
  damageSameLayer: 0
  <CanBeDisrupt>k__BackingField: 1
  <AllowCastOtherAbilities>k__BackingField: 0
  <LayerData>k__BackingField: {fileID: 11400000, guid: d90667e38f692854f871a6ece5614e19,
    type: 2}
  stopThrowingOnApplyDamage: 1
  stopThrowingOnApplyEffect: 1
  UseCollisionHelper: 1
  CollisionHelper: {fileID: 0}
  vfx: {fileID: 1231307381194880375}
  minStrengthMultiplier: 0.5
  angle: 140
  targetMask:
    serializedVersion: 2
    m_Bits: 8
  maxAmountToTargets: 10
  showGuide: 1
--- !u!1 &4949459357554117625
GameObject:
  m_ObjectHideFlags: 0
  m_CorrespondingSourceObject: {fileID: 0}
  m_PrefabInstance: {fileID: 0}
  m_PrefabAsset: {fileID: 0}
  serializedVersion: 6
  m_Component:
  - component: {fileID: 2116448523199786517}
  - component: {fileID: 3338821224036325062}
  m_Layer: 0
  m_Name: GPU Particle System
  m_TagString: Untagged
  m_Icon: {fileID: 0}
  m_NavMeshLayer: 0
  m_StaticEditorFlags: 0
  m_IsActive: 1
--- !u!4 &2116448523199786517
Transform:
  m_ObjectHideFlags: 0
  m_CorrespondingSourceObject: {fileID: 0}
  m_PrefabInstance: {fileID: 0}
  m_PrefabAsset: {fileID: 0}
  m_GameObject: {fileID: 4949459357554117625}
  m_LocalRotation: {x: 0.7071068, y: 0, z: 0, w: 0.7071068}
  m_LocalPosition: {x: 0, y: 0, z: 2}
  m_LocalScale: {x: 1, y: 1, z: 1}
  m_ConstrainProportionsScale: 0
  m_Children: []
  m_Father: {fileID: 1154000524}
  m_RootOrder: 0
  m_LocalEulerAnglesHint: {x: 90, y: 0, z: 0}
--- !u!114 &3338821224036325062
MonoBehaviour:
  m_ObjectHideFlags: 0
  m_CorrespondingSourceObject: {fileID: 0}
  m_PrefabInstance: {fileID: 0}
  m_PrefabAsset: {fileID: 0}
  m_GameObject: {fileID: 4949459357554117625}
  m_Enabled: 1
  m_EditorHideFlags: 0
  m_Script: {fileID: 11500000, guid: 0c409c6a822467a4194dcf71c448891d, type: 3}
  m_Name: 
  m_EditorClassIdentifier: 
  customInstanceID: 75720
  particleData:
    newParticleBuffer: {fileID: 0}
    metaBuffer_1: {fileID: 0}
    positionBuffer_1: {fileID: 0}
    velocityBuffer_1: {fileID: 0}
    metaBuffer_2: {fileID: 0}
    positionBuffer_2: {fileID: 0}
    velocityBuffer_2: {fileID: 0}
    randomBuffer: {fileID: 0}
  particleMaterial: {fileID: 0}
  renderQueue: 3000
  bufferWidth: 16
  bufferHeight: 16
  precision: 1
  useFixedDeltaTime: 0
  fixedDeltaTime: 0.016666666
  shaderVariantCollection: {fileID: 20000000, guid: 4948249179f3a754cb5e6060e73721b4,
    type: 2}
  seed: 123456789
  playOnAwake: 0
  loop: 1
  emit: 1
  effectLength: 2
  timeScale: 1
  emitterShape: 2
  param1: 1.875
  param2: 25
  param3: 5
  param4: 2.3315384
  randomness: 0
  emitFromShell: 0
  emitFromBase: 1
  simulationSpace: 1
  customSpaceTransform: {fileID: 0}
  bursts: []
  meshEmitter: {fileID: 0}
  center: {x: 0, y: 0, z: -1}
  extents: {x: 10, y: 10, z: 10}
  meshFilterEmitter: {fileID: 0}
  meshEmitterResolution: 16
  meshBakeType: 0
  meshEmitterPositionTexture: {fileID: 0}
  meshEmitterNormalTexture: {fileID: 0}
  smeLayer: 8
  skinnedMeshEmitterResolution: 128
  skinnedMeshEmitter: {fileID: 0}
  skinnedMeshEmitterTransform: {fileID: 0}
  skinnedMeshEmitterCam: {fileID: 0}
  skinnedMeshEmitterCamTransform: {fileID: 0}
  skinnedMeshEmitterConvertedMesh: {fileID: 0}
  emissionRate:
    showEditor: 1
    mode: 0
    value1: 27
    value2: 2500
    curve1:
      serializedVersion: 2
      m_Curve:
      - serializedVersion: 3
        time: 0
        value: 1
        inSlope: 0
        outSlope: 0
        tangentMode: 0
        weightedMode: 0
        inWeight: 0
        outWeight: 0
      - serializedVersion: 3
        time: 1
        value: 1
        inSlope: 0
        outSlope: 0
        tangentMode: 0
        weightedMode: 0
        inWeight: 0
        outWeight: 0
      m_PreInfinity: 2
      m_PostInfinity: 2
      m_RotationOrder: 4
    curve2:
      serializedVersion: 2
      m_Curve:
      - serializedVersion: 3
        time: 0
        value: 1
        inSlope: 0
        outSlope: 0
        tangentMode: 0
        weightedMode: 0
        inWeight: 0
        outWeight: 0
      - serializedVersion: 3
        time: 1
        value: 1
        inSlope: 0
        outSlope: 0
        tangentMode: 0
        weightedMode: 0
        inWeight: 0
        outWeight: 0
      m_PreInfinity: 2
      m_PostInfinity: 2
      m_RotationOrder: 4
    minMax: {x: 0, y: 1}
    seed: 0.5020787
  maxParticles: 256
  startLifetime:
    showEditor: 1
    mode: 0
    value1: 2
    value2: 5
    curve1:
      serializedVersion: 2
      m_Curve:
      - serializedVersion: 3
        time: 0
        value: 1
        inSlope: 0
        outSlope: 0
        tangentMode: 0
        weightedMode: 0
        inWeight: 0
        outWeight: 0
      - serializedVersion: 3
        time: 1
        value: 1
        inSlope: 0
        outSlope: 0
        tangentMode: 0
        weightedMode: 0
        inWeight: 0
        outWeight: 0
      m_PreInfinity: 2
      m_PostInfinity: 2
      m_RotationOrder: 4
    curve2:
      serializedVersion: 2
      m_Curve:
      - serializedVersion: 3
        time: 0
        value: 1
        inSlope: 0
        outSlope: 0
        tangentMode: 0
        weightedMode: 0
        inWeight: 0
        outWeight: 0
      - serializedVersion: 3
        time: 1
        value: 1
        inSlope: 0
        outSlope: 0
        tangentMode: 0
        weightedMode: 0
        inWeight: 0
        outWeight: 0
      m_PreInfinity: 2
      m_PostInfinity: 2
      m_RotationOrder: 4
    minMax: {x: 0, y: 1}
    seed: 0.7600808
  startSize:
    showEditor: 1
    mode: 1
    value1: 0.9
    value2: 1
    curve1:
      serializedVersion: 2
      m_Curve:
      - serializedVersion: 3
        time: 0
        value: 1
        inSlope: 0
        outSlope: 0
        tangentMode: 0
        weightedMode: 0
        inWeight: 0
        outWeight: 0
      - serializedVersion: 3
        time: 1
        value: 1
        inSlope: 0
        outSlope: 0
        tangentMode: 0
        weightedMode: 0
        inWeight: 0
        outWeight: 0
      m_PreInfinity: 2
      m_PostInfinity: 2
      m_RotationOrder: 4
    curve2:
      serializedVersion: 2
      m_Curve:
      - serializedVersion: 3
        time: 0
        value: 1
        inSlope: 0
        outSlope: 0
        tangentMode: 0
        weightedMode: 0
        inWeight: 0
        outWeight: 0
      - serializedVersion: 3
        time: 1
        value: 1
        inSlope: 0
        outSlope: 0
        tangentMode: 0
        weightedMode: 0
        inWeight: 0
        outWeight: 0
      m_PreInfinity: 2
      m_PostInfinity: 2
      m_RotationOrder: 4
    minMax: {x: 0, y: 1}
    seed: 0.32639772
  startSpeed:
    showEditor: 1
    mode: 0
    value1: 0
    value2: 5
    curve1:
      serializedVersion: 2
      m_Curve:
      - serializedVersion: 3
        time: 0
        value: 1
        inSlope: 0
        outSlope: 0
        tangentMode: 0
        weightedMode: 0
        inWeight: 0
        outWeight: 0
      - serializedVersion: 3
        time: 1
        value: 1
        inSlope: 0
        outSlope: 0
        tangentMode: 0
        weightedMode: 0
        inWeight: 0
        outWeight: 0
      m_PreInfinity: 2
      m_PostInfinity: 2
      m_RotationOrder: 4
    curve2:
      serializedVersion: 2
      m_Curve:
      - serializedVersion: 3
        time: 0
        value: 1
        inSlope: 0
        outSlope: 0
        tangentMode: 0
        weightedMode: 0
        inWeight: 0
        outWeight: 0
      - serializedVersion: 3
        time: 1
        value: 1
        inSlope: 0
        outSlope: 0
        tangentMode: 0
        weightedMode: 0
        inWeight: 0
        outWeight: 0
      m_PreInfinity: 2
      m_PostInfinity: 2
      m_RotationOrder: 4
    minMax: {x: 0, y: 1}
    seed: 0.18026698
  startRotation:
    showEditor: 1
    mode: 0
    value1: 0
    value2: 0
    curve1:
      serializedVersion: 2
      m_Curve:
      - serializedVersion: 3
        time: 0
        value: 1
        inSlope: 0
        outSlope: 0
        tangentMode: 0
        weightedMode: 0
        inWeight: 0
        outWeight: 0
      - serializedVersion: 3
        time: 1
        value: 1
        inSlope: 0
        outSlope: 0
        tangentMode: 0
        weightedMode: 0
        inWeight: 0
        outWeight: 0
      m_PreInfinity: 2
      m_PostInfinity: 2
      m_RotationOrder: 4
    curve2:
      serializedVersion: 2
      m_Curve:
      - serializedVersion: 3
        time: 0
        value: 1
        inSlope: 0
        outSlope: 0
        tangentMode: 0
        weightedMode: 0
        inWeight: 0
        outWeight: 0
      - serializedVersion: 3
        time: 1
        value: 1
        inSlope: 0
        outSlope: 0
        tangentMode: 0
        weightedMode: 0
        inWeight: 0
        outWeight: 0
      m_PreInfinity: 2
      m_PostInfinity: 2
      m_RotationOrder: 4
    minMax: {x: 0, y: 1}
    seed: 0.055140138
  useRotation: 1
  sizeOverLifetime:
    showEditor: 0
    mode: 0
    multiplier: 1
    skew: 1
    invert: 0
    curve1:
      serializedVersion: 2
      m_Curve:
      - serializedVersion: 3
        time: 0
        value: 1
        inSlope: 0
        outSlope: 0
        tangentMode: 0
        weightedMode: 0
        inWeight: 0
        outWeight: 0
      m_PreInfinity: 2
      m_PostInfinity: 2
      m_RotationOrder: 4
    curve2:
      serializedVersion: 2
      m_Curve:
      - serializedVersion: 3
        time: 0
        value: 1
        inSlope: 0
        outSlope: 0
        tangentMode: 0
        weightedMode: 0
        inWeight: 0
        outWeight: 0
      m_PreInfinity: 2
      m_PostInfinity: 2
      m_RotationOrder: 4
    minMax: {x: 0, y: 1}
    seed: 0.077393174
    bezier1: []
    bezier2: []
  rotationOverLifetime:
    showEditor: 1
    mode: 0
    multiplier: 1
    skew: 1
    invert: 0
    curve1:
      serializedVersion: 2
      m_Curve:
      - serializedVersion: 3
        time: -0.0010871887
        value: -0.0024109175
        inSlope: -0.04559707
        outSlope: -0.04559707
        tangentMode: 0
        weightedMode: 0
        inWeight: 0
        outWeight: 0.053200793
      - serializedVersion: 3
        time: 1.0013682
        value: 1426.5413
        inSlope: -0.37682664
        outSlope: -0.37682664
        tangentMode: 0
        weightedMode: 0
        inWeight: 0.048932422
        outWeight: 0
      m_PreInfinity: 2
      m_PostInfinity: 2
      m_RotationOrder: 4
    curve2:
      serializedVersion: 2
      m_Curve:
      - serializedVersion: 3
        time: 0
        value: 1
        inSlope: 0
        outSlope: 0
        tangentMode: 0
        weightedMode: 0
        inWeight: 0
        outWeight: 0
      m_PreInfinity: 2
      m_PostInfinity: 2
      m_RotationOrder: 4
    minMax: {x: 0, y: 100}
    seed: 0.8282627
    bezier1:
    - {x: -0.0010871887, y: -0.0024109175, z: 0.33306426, w: -0.017647244}
    - {x: 1.0013682, y: 1426.5413, z: 0.6672167, w: 1426.6672}
    - {x: 0, y: 0, z: 0, w: 0}
    - {x: 0, y: 0, z: 0, w: 0}
    - {x: 0, y: 0, z: 0, w: 0}
    - {x: 0, y: 0, z: 0, w: 0}
    - {x: 0, y: 0, z: 0, w: 0}
    - {x: 0, y: 0, z: 0, w: 0}
    - {x: 0, y: 0, z: 0, w: 0}
    - {x: 0, y: 0, z: 0, w: 0}
    bezier2: []
  colorOverLifetime:
    showEditor: 1
    mode: 2
    intensity: 1
    color1: {r: 1, g: 1, b: 1, a: 1}
    color2: {r: 1, g: 1, b: 1, a: 1}
    gradient1:
      serializedVersion: 2
      key0: {r: 0.29383302, g: 0.13812746, b: 0.3018868, a: 0}
      key1: {r: 1, g: 0.8160377, b: 0.9856653, a: 1}
      key2: {r: 1, g: 0.07075471, b: 0.92578804, a: 1}
      key3: {r: 0, g: 0, b: 0, a: 0}
      key4: {r: 0, g: 0, b: 0, a: 0}
      key5: {r: 0, g: 0, b: 0, a: 0}
      key6: {r: 0, g: 0, b: 0, a: 0}
      key7: {r: 0, g: 0, b: 0, a: 0}
      ctime0: 386
      ctime1: 28334
      ctime2: 42983
      ctime3: 0
      ctime4: 0
      ctime5: 0
      ctime6: 0
      ctime7: 0
      atime0: 3470
      atime1: 8674
      atime2: 23130
      atime3: 27949
      atime4: 34117
      atime5: 0
      atime6: 0
      atime7: 0
      m_Mode: 0
      m_NumColorKeys: 2
      m_NumAlphaKeys: 4
    gradient2:
      serializedVersion: 2
      key0: {r: 1, g: 1, b: 1, a: 1}
      key1: {r: 1, g: 1, b: 1, a: 1}
      key2: {r: 0, g: 0, b: 0, a: 0}
      key3: {r: 0, g: 0, b: 0, a: 0}
      key4: {r: 0, g: 0, b: 0, a: 0}
      key5: {r: 0, g: 0, b: 0, a: 0}
      key6: {r: 0, g: 0, b: 0, a: 0}
      key7: {r: 0, g: 0, b: 0, a: 0}
      ctime0: 0
      ctime1: 65535
      ctime2: 0
      ctime3: 0
      ctime4: 0
      ctime5: 0
      ctime6: 0
      ctime7: 0
      atime0: 0
      atime1: 65535
      atime2: 0
      atime3: 0
      atime4: 0
      atime5: 0
      atime6: 0
      atime7: 0
      m_Mode: 0
      m_NumColorKeys: 2
      m_NumAlphaKeys: 2
    seed: 0.7418835
  colorIntensityOverLifetime:
    showEditor: 0
    mode: 0
    value: 1
    curve:
      serializedVersion: 2
      m_Curve:
      - serializedVersion: 3
        time: 0
        value: 1
        inSlope: 0
        outSlope: 0
        tangentMode: 0
        weightedMode: 0
        inWeight: 0
        outWeight: 0
      - serializedVersion: 3
        time: 1
        value: 1
        inSlope: 0
        outSlope: 0
        tangentMode: 0
        weightedMode: 0
        inWeight: 0
        outWeight: 0
      m_PreInfinity: 2
      m_PostInfinity: 2
      m_RotationOrder: 4
    minMax: {x: 0, y: 1}
    seed: 0
  maxVelocity:
    showEditor: 0
    mode: 0
    value: 25
    curve:
      serializedVersion: 2
      m_Curve:
      - serializedVersion: 3
        time: 0
        value: 1
        inSlope: 0
        outSlope: 0
        tangentMode: 0
        weightedMode: 0
        inWeight: 0
        outWeight: 0
      - serializedVersion: 3
        time: 1
        value: 1
        inSlope: 0
        outSlope: 0
        tangentMode: 0
        weightedMode: 0
        inWeight: 0
        outWeight: 0
      m_PreInfinity: 2
      m_PostInfinity: 2
      m_RotationOrder: 4
    minMax: {x: 0, y: 1}
    seed: 0
  useMaxVelocity: 0
  particleType: 6
  meshParticle: {fileID: 0}
  followSpeed: 15
  gravity:
    showEditor: 0
    mode: 0
    value: 0
    curve:
      serializedVersion: 2
      m_Curve:
      - serializedVersion: 3
        time: 0
        value: 1
        inSlope: 0
        outSlope: 0
        tangentMode: 0
        weightedMode: 0
        inWeight: 0
        outWeight: 0
      - serializedVersion: 3
        time: 1
        value: 1
        inSlope: 0
        outSlope: 0
        tangentMode: 0
        weightedMode: 0
        inWeight: 0
        outWeight: 0
      m_PreInfinity: 2
      m_PostInfinity: 2
      m_RotationOrder: 4
    minMax: {x: 0, y: 1}
    seed: 0
  inheritVelocityMultiplyer:
    showEditor: 0
    mode: 0
    value: 0
    curve:
      serializedVersion: 2
      m_Curve:
      - serializedVersion: 3
        time: 0
        value: 1
        inSlope: 0
        outSlope: 0
        tangentMode: 0
        weightedMode: 0
        inWeight: 0
        outWeight: 0
      - serializedVersion: 3
        time: 1
        value: 1
        inSlope: 0
        outSlope: 0
        tangentMode: 0
        weightedMode: 0
        inWeight: 0
        outWeight: 0
      m_PreInfinity: 2
      m_PostInfinity: 2
      m_RotationOrder: 4
    minMax: {x: 0, y: 1}
    seed: 0
  useInheritVelocity: 0
  airResistance:
    showEditor: 0
    mode: 0
    value: 0
    curve:
      serializedVersion: 2
      m_Curve:
      - serializedVersion: 3
        time: 0
        value: 1
        inSlope: 0
        outSlope: 0
        tangentMode: 0
        weightedMode: 0
        inWeight: 0
        outWeight: 0
      - serializedVersion: 3
        time: 1
        value: 1
        inSlope: 0
        outSlope: 0
        tangentMode: 0
        weightedMode: 0
        inWeight: 0
        outWeight: 0
      m_PreInfinity: 2
      m_PostInfinity: 2
      m_RotationOrder: 4
    minMax: {x: 0, y: 1}
    seed: 0
  forceOverLifetime:
    showEditor: 0
    mode: 0
    value1: {x: 0, y: 0, z: 0}
    curve1_1:
      serializedVersion: 2
      m_Curve:
      - serializedVersion: 3
        time: 0
        value: 1
        inSlope: 0
        outSlope: 0
        tangentMode: 0
        weightedMode: 0
        inWeight: 0
        outWeight: 0
      - serializedVersion: 3
        time: 1
        value: 1
        inSlope: 0
        outSlope: 0
        tangentMode: 0
        weightedMode: 0
        inWeight: 0
        outWeight: 0
      m_PreInfinity: 2
      m_PostInfinity: 2
      m_RotationOrder: 4
    curve1_2:
      serializedVersion: 2
      m_Curve:
      - serializedVersion: 3
        time: 0
        value: 1
        inSlope: 0
        outSlope: 0
        tangentMode: 0
        weightedMode: 0
        inWeight: 0
        outWeight: 0
      - serializedVersion: 3
        time: 1
        value: 1
        inSlope: 0
        outSlope: 0
        tangentMode: 0
        weightedMode: 0
        inWeight: 0
        outWeight: 0
      m_PreInfinity: 2
      m_PostInfinity: 2
      m_RotationOrder: 4
    curve1_3:
      serializedVersion: 2
      m_Curve:
      - serializedVersion: 3
        time: 0
        value: 1
        inSlope: 0
        outSlope: 0
        tangentMode: 0
        weightedMode: 0
        inWeight: 0
        outWeight: 0
      - serializedVersion: 3
        time: 1
        value: 1
        inSlope: 0
        outSlope: 0
        tangentMode: 0
        weightedMode: 0
        inWeight: 0
        outWeight: 0
      m_PreInfinity: 2
      m_PostInfinity: 2
      m_RotationOrder: 4
    minMax: {x: 0, y: 1}
    seed: 0
  useCircularForce: 0
  circularForce:
    showEditor: 0
    mode: 0
    value1: {x: 0, y: 0, z: 0}
    curve1_1:
      serializedVersion: 2
      m_Curve:
      - serializedVersion: 3
        time: 0
        value: 1
        inSlope: 0
        outSlope: 0
        tangentMode: 0
        weightedMode: 0
        inWeight: 0
        outWeight: 0
      - serializedVersion: 3
        time: 1
        value: 1
        inSlope: 0
        outSlope: 0
        tangentMode: 0
        weightedMode: 0
        inWeight: 0
        outWeight: 0
      m_PreInfinity: 2
      m_PostInfinity: 2
      m_RotationOrder: 4
    curve1_2:
      serializedVersion: 2
      m_Curve:
      - serializedVersion: 3
        time: 0
        value: 1
        inSlope: 0
        outSlope: 0
        tangentMode: 0
        weightedMode: 0
        inWeight: 0
        outWeight: 0
      - serializedVersion: 3
        time: 1
        value: 1
        inSlope: 0
        outSlope: 0
        tangentMode: 0
        weightedMode: 0
        inWeight: 0
        outWeight: 0
      m_PreInfinity: 2
      m_PostInfinity: 2
      m_RotationOrder: 4
    curve1_3:
      serializedVersion: 2
      m_Curve:
      - serializedVersion: 3
        time: 0
        value: 1
        inSlope: 0
        outSlope: 0
        tangentMode: 0
        weightedMode: 0
        inWeight: 0
        outWeight: 0
      - serializedVersion: 3
        time: 1
        value: 1
        inSlope: 0
        outSlope: 0
        tangentMode: 0
        weightedMode: 0
        inWeight: 0
        outWeight: 0
      m_PreInfinity: 2
      m_PostInfinity: 2
      m_RotationOrder: 4
    minMax: {x: 0, y: 1}
    seed: 0
  circularForceCenter: {fileID: 0}
  turbulenceType: 0
  fgaFile: {fileID: 0}
  vectorField: {fileID: 0}
  vectorNoise: {fileID: 0}
  Tightness: 1
  turbulenceAmplitude:
    showEditor: 0
    mode: 0
    value1: {x: 1, y: 1, z: 1}
    curve1_1:
      serializedVersion: 2
      m_Curve:
      - serializedVersion: 3
        time: 0
        value: 1
        inSlope: 0
        outSlope: 0
        tangentMode: 0
        weightedMode: 0
        inWeight: 0
        outWeight: 0
      - serializedVersion: 3
        time: 1
        value: 1
        inSlope: 0
        outSlope: 0
        tangentMode: 0
        weightedMode: 0
        inWeight: 0
        outWeight: 0
      m_PreInfinity: 2
      m_PostInfinity: 2
      m_RotationOrder: 4
    curve1_2:
      serializedVersion: 2
      m_Curve:
      - serializedVersion: 3
        time: 0
        value: 1
        inSlope: 0
        outSlope: 0
        tangentMode: 0
        weightedMode: 0
        inWeight: 0
        outWeight: 0
      - serializedVersion: 3
        time: 1
        value: 1
        inSlope: 0
        outSlope: 0
        tangentMode: 0
        weightedMode: 0
        inWeight: 0
        outWeight: 0
      m_PreInfinity: 2
      m_PostInfinity: 2
      m_RotationOrder: 4
    curve1_3:
      serializedVersion: 2
      m_Curve:
      - serializedVersion: 3
        time: 0
        value: 1
        inSlope: 0
        outSlope: 0
        tangentMode: 0
        weightedMode: 0
        inWeight: 0
        outWeight: 0
      - serializedVersion: 3
        time: 1
        value: 1
        inSlope: 0
        outSlope: 0
        tangentMode: 0
        weightedMode: 0
        inWeight: 0
        outWeight: 0
      m_PreInfinity: 2
      m_PostInfinity: 2
      m_RotationOrder: 4
    minMax: {x: 0, y: 1}
    seed: 0
  turbulenceFrequency:
    showEditor: 0
    mode: 0
    value1: {x: 1, y: 1, z: 1}
    curve1_1:
      serializedVersion: 2
      m_Curve:
      - serializedVersion: 3
        time: 0
        value: 1
        inSlope: 0
        outSlope: 0
        tangentMode: 0
        weightedMode: 0
        inWeight: 0
        outWeight: 0
      - serializedVersion: 3
        time: 1
        value: 1
        inSlope: 0
        outSlope: 0
        tangentMode: 0
        weightedMode: 0
        inWeight: 0
        outWeight: 0
      m_PreInfinity: 2
      m_PostInfinity: 2
      m_RotationOrder: 4
    curve1_2:
      serializedVersion: 2
      m_Curve:
      - serializedVersion: 3
        time: 0
        value: 1
        inSlope: 0
        outSlope: 0
        tangentMode: 0
        weightedMode: 0
        inWeight: 0
        outWeight: 0
      - serializedVersion: 3
        time: 1
        value: 1
        inSlope: 0
        outSlope: 0
        tangentMode: 0
        weightedMode: 0
        inWeight: 0
        outWeight: 0
      m_PreInfinity: 2
      m_PostInfinity: 2
      m_RotationOrder: 4
    curve1_3:
      serializedVersion: 2
      m_Curve:
      - serializedVersion: 3
        time: 0
        value: 1
        inSlope: 0
        outSlope: 0
        tangentMode: 0
        weightedMode: 0
        inWeight: 0
        outWeight: 0
      - serializedVersion: 3
        time: 1
        value: 1
        inSlope: 0
        outSlope: 0
        tangentMode: 0
        weightedMode: 0
        inWeight: 0
        outWeight: 0
      m_PreInfinity: 2
      m_PostInfinity: 2
      m_RotationOrder: 4
    minMax: {x: 0, y: 1}
    seed: 0
  turbulenceOffset:
    showEditor: 0
    mode: 0
    value1: {x: 1, y: 1, z: 1}
    curve1_1:
      serializedVersion: 2
      m_Curve:
      - serializedVersion: 3
        time: 0
        value: 1
        inSlope: 0
        outSlope: 0
        tangentMode: 0
        weightedMode: 0
        inWeight: 0
        outWeight: 0
      - serializedVersion: 3
        time: 1
        value: 1
        inSlope: 0
        outSlope: 0
        tangentMode: 0
        weightedMode: 0
        inWeight: 0
        outWeight: 0
      m_PreInfinity: 2
      m_PostInfinity: 2
      m_RotationOrder: 4
    curve1_2:
      serializedVersion: 2
      m_Curve:
      - serializedVersion: 3
        time: 0
        value: 1
        inSlope: 0
        outSlope: 0
        tangentMode: 0
        weightedMode: 0
        inWeight: 0
        outWeight: 0
      - serializedVersion: 3
        time: 1
        value: 1
        inSlope: 0
        outSlope: 0
        tangentMode: 0
        weightedMode: 0
        inWeight: 0
        outWeight: 0
      m_PreInfinity: 2
      m_PostInfinity: 2
      m_RotationOrder: 4
    curve1_3:
      serializedVersion: 2
      m_Curve:
      - serializedVersion: 3
        time: 0
        value: 1
        inSlope: 0
        outSlope: 0
        tangentMode: 0
        weightedMode: 0
        inWeight: 0
        outWeight: 0
      - serializedVersion: 3
        time: 1
        value: 1
        inSlope: 0
        outSlope: 0
        tangentMode: 0
        weightedMode: 0
        inWeight: 0
        outWeight: 0
      m_PreInfinity: 2
      m_PostInfinity: 2
      m_RotationOrder: 4
    minMax: {x: 0, y: 1}
    seed: 0
  turbulenceRotation:
    showEditor: 0
    mode: 0
    value1: {x: 1, y: 1, z: 1}
    curve1_1:
      serializedVersion: 2
      m_Curve:
      - serializedVersion: 3
        time: 0
        value: 1
        inSlope: 0
        outSlope: 0
        tangentMode: 0
        weightedMode: 0
        inWeight: 0
        outWeight: 0
      - serializedVersion: 3
        time: 1
        value: 1
        inSlope: 0
        outSlope: 0
        tangentMode: 0
        weightedMode: 0
        inWeight: 0
        outWeight: 0
      m_PreInfinity: 2
      m_PostInfinity: 2
      m_RotationOrder: 4
    curve1_2:
      serializedVersion: 2
      m_Curve:
      - serializedVersion: 3
        time: 0
        value: 1
        inSlope: 0
        outSlope: 0
        tangentMode: 0
        weightedMode: 0
        inWeight: 0
        outWeight: 0
      - serializedVersion: 3
        time: 1
        value: 1
        inSlope: 0
        outSlope: 0
        tangentMode: 0
        weightedMode: 0
        inWeight: 0
        outWeight: 0
      m_PreInfinity: 2
      m_PostInfinity: 2
      m_RotationOrder: 4
    curve1_3:
      serializedVersion: 2
      m_Curve:
      - serializedVersion: 3
        time: 0
        value: 1
        inSlope: 0
        outSlope: 0
        tangentMode: 0
        weightedMode: 0
        inWeight: 0
        outWeight: 0
      - serializedVersion: 3
        time: 1
        value: 1
        inSlope: 0
        outSlope: 0
        tangentMode: 0
        weightedMode: 0
        inWeight: 0
        outWeight: 0
      m_PreInfinity: 2
      m_PostInfinity: 2
      m_RotationOrder: 4
    minMax: {x: 0, y: 1}
    seed: 0
  vectorFieldObject: {fileID: 0}
  targetType: 1
  attractors: []
  useMeshFilter: 1
  targetIsSameMeshAsEmitter: 0
  targetStrength:
    showEditor: 1
    mode: 0
    value: 1
    curve:
      serializedVersion: 2
      m_Curve:
      - serializedVersion: 3
        time: 0
        value: 1
        inSlope: 0
        outSlope: 0
        tangentMode: 0
        weightedMode: 0
        inWeight: 0
        outWeight: 0
      - serializedVersion: 3
        time: 1
        value: 1
        inSlope: 0
        outSlope: 0
        tangentMode: 0
        weightedMode: 0
        inWeight: 0
        outWeight: 0
      m_PreInfinity: 2
      m_PostInfinity: 2
      m_RotationOrder: 4
    minMax: {x: 0, y: 1}
    seed: 0
  onTarget:
    showEditor: 0
    mode: 0
    value: 0
    curve:
      serializedVersion: 2
      m_Curve:
      - serializedVersion: 3
        time: 0
        value: 1
        inSlope: 0
        outSlope: 0
        tangentMode: 0
        weightedMode: 0
        inWeight: 0
        outWeight: 0
      - serializedVersion: 3
        time: 1
        value: 1
        inSlope: 0
        outSlope: 0
        tangentMode: 0
        weightedMode: 0
        inWeight: 0
        outWeight: 0
      m_PreInfinity: 2
      m_PostInfinity: 2
      m_RotationOrder: 4
    minMax: {x: 0, y: 1}
    seed: 0
  meshTarget: {fileID: 10207, guid: 0000000000000000e000000000000000, type: 0}
  meshFilterTarget: {fileID: 8715045095153444375}
  meshTargetResolution: 128
  targetBakeType: 0
  meshTargetPositionTexture: {fileID: 0}
  textureTargetWidth: 1
  textureTargetHeight: 1
  textureTargetTransform: {fileID: 0}
  collisionType: 0
  planePositions:
  - {x: 0, y: -Infinity, z: 0, w: 1}
  - {x: 0, y: -Infinity, z: 0, w: 1}
  - {x: 0, y: -Infinity, z: 0, w: 1}
  - {x: 0, y: -Infinity, z: 0, w: 1}
  - {x: 0, y: -Infinity, z: 0, w: 1}
  - {x: 0, y: -Infinity, z: 0, w: 1}
  planeNormals:
  - {x: 0, y: 1, z: 0, w: 0}
  - {x: 0, y: 1, z: 0, w: 0}
  - {x: 0, y: 1, z: 0, w: 0}
  - {x: 0, y: 1, z: 0, w: 0}
  - {x: 0, y: 1, z: 0, w: 0}
  - {x: 0, y: 1, z: 0, w: 0}
  planes:
  - {fileID: 0}
  - {fileID: 0}
  - {fileID: 0}
  - {fileID: 0}
  - {fileID: 0}
  - {fileID: 0}
  collisionDamping:
  - 0
  - 0
  - 0
  - 0
  - 0
  - 0
  collisionCamera: {fileID: 0}
  collisionCameraTransform: {fileID: 0}
  depthCollisionDamping: 1
  dampingRandomness: 1
  depthCollisionDistance: 0.1
  aspectRatio: 0.85
  forwardVector: {x: 1, y: 0, z: 0}
  offset: {x: 0, y: 0, z: 0}
  mainTexture: {fileID: 2800000, guid: 4297c472899e19940b5f12c23f5f5369, type: 3}
  motionVectors: {fileID: 0}
  textureSheetMode: 0
  motionVectorStrength: 0.05
  textureSheetRandomIndex: 0
  rows: 6
  columns: 6
  blendMode: 1
  useZbuffer: 0
  stretchMultiplier: 4
  minMaxStretch: {x: 0.1, y: 1}
  lightMode: 0
  metallic: 1
  smoothness: 0
  metallicSmoothness: {fileID: 0}
  normalMap: {fileID: 0}
  emissionMap: {fileID: 0}
  castShadows: 0
  receiveShadows: 0
  refractionNormals: {fileID: 0}
  indexOfRefraction: 1
  savePath: 
  GeneralsTab: 1
  EmitterTab: 1
  EmissionTab: 1
  StartValuesTab: 1
  LifetimeValuesTab: 1
  ForcesTab: 0
  TurbulenceTab: 0
  AttractorsTab: 1
  MeshTargetTab: 1
  CollisionTab: 0
  RenderingTab: 1
  MaterialTab: 1
  EditBounds: 1
  ShowWSBounds: 0
