%YAML 1.1
%TAG !u! tag:unity3d.com,2011:
--- !u!1 &12208055393234428
GameObject:
  m_ObjectHideFlags: 0
  m_CorrespondingSourceObject: {fileID: 0}
  m_PrefabInstance: {fileID: 0}
  m_PrefabAsset: {fileID: 0}
  serializedVersion: 6
  m_Component:
  - component: {fileID: 4698408185616028642}
  m_Layer: 0
  m_Name: TargetPlayerPosition
  m_TagString: Untagged
  m_Icon: {fileID: 0}
  m_NavMeshLayer: 0
  m_StaticEditorFlags: 0
  m_IsActive: 1
--- !u!4 &4698408185616028642
Transform:
  m_ObjectHideFlags: 0
  m_CorrespondingSourceObject: {fileID: 0}
  m_PrefabInstance: {fileID: 0}
  m_PrefabAsset: {fileID: 0}
  m_GameObject: {fileID: 12208055393234428}
  m_LocalRotation: {x: -0, y: -0, z: -0, w: 1}
  m_LocalPosition: {x: -43.599976, y: 62.399998, z: -120.099976}
  m_LocalScale: {x: 1, y: 1, z: 1}
  m_ConstrainProportionsScale: 0
  m_Children: []
  m_Father: {fileID: 6356259982626474907}
  m_RootOrder: 3
  m_LocalEulerAnglesHint: {x: 0, y: 0, z: 0}
--- !u!1 &1307774137676633186
GameObject:
  m_ObjectHideFlags: 0
  m_CorrespondingSourceObject: {fileID: 0}
  m_PrefabInstance: {fileID: 0}
  m_PrefabAsset: {fileID: 0}
  serializedVersion: 6
  m_Component:
  - component: {fileID: 5005824613177334997}
  m_Layer: 0
  m_Name: Rout
  m_TagString: Untagged
  m_Icon: {fileID: 0}
  m_NavMeshLayer: 0
  m_StaticEditorFlags: 0
  m_IsActive: 1
--- !u!4 &5005824613177334997
Transform:
  m_ObjectHideFlags: 0
  m_CorrespondingSourceObject: {fileID: 0}
  m_PrefabInstance: {fileID: 0}
  m_PrefabAsset: {fileID: 0}
  m_GameObject: {fileID: 1307774137676633186}
  m_LocalRotation: {x: 0, y: 0, z: 0, w: 1}
  m_LocalPosition: {x: 0, y: 0, z: 0}
  m_LocalScale: {x: 1, y: 1, z: 1}
  m_ConstrainProportionsScale: 0
  m_Children:
  - {fileID: 7954071353489560045}
  - {fileID: 4071656115814114321}
  m_Father: {fileID: 6356259982626474907}
  m_RootOrder: 1
  m_LocalEulerAnglesHint: {x: 0, y: 0, z: 0}
--- !u!1 &1728364466214906549
GameObject:
  m_ObjectHideFlags: 0
  m_CorrespondingSourceObject: {fileID: 0}
  m_PrefabInstance: {fileID: 0}
  m_PrefabAsset: {fileID: 0}
  serializedVersion: 6
  m_Component:
  - component: {fileID: 1813625659783420149}
  - component: {fileID: 4789185136019697784}
  - component: {fileID: 1132575277576006917}
  - component: {fileID: 3141971845488191620}
  m_Layer: 0
  m_Name: cm
  m_TagString: Untagged
  m_Icon: {fileID: 0}
  m_NavMeshLayer: 0
  m_StaticEditorFlags: 0
  m_IsActive: 1
--- !u!4 &1813625659783420149
Transform:
  m_ObjectHideFlags: 0
  m_CorrespondingSourceObject: {fileID: 0}
  m_PrefabInstance: {fileID: 0}
  m_PrefabAsset: {fileID: 0}
  m_GameObject: {fileID: 1728364466214906549}
  m_LocalRotation: {x: -0.1334033, y: -0.50913435, z: 0.08023702, w: 0.84649146}
  m_LocalPosition: {x: -180.14798, y: -31.459297, z: 232.62799}
  m_LocalScale: {x: 1, y: 1, z: 1}
  m_ConstrainProportionsScale: 0
  m_Children: []
  m_Father: {fileID: 3734018716578400174}
  m_RootOrder: 0
  m_LocalEulerAnglesHint: {x: 0, y: 0, z: 0}
--- !u!114 &4789185136019697784
MonoBehaviour:
  m_ObjectHideFlags: 0
  m_CorrespondingSourceObject: {fileID: 0}
  m_PrefabInstance: {fileID: 0}
  m_PrefabAsset: {fileID: 0}
  m_GameObject: {fileID: 1728364466214906549}
  m_Enabled: 1
  m_EditorHideFlags: 0
  m_Script: {fileID: 11500000, guid: ac0b09e7857660247b1477e93731de29, type: 3}
  m_Name: 
  m_EditorClassIdentifier: 
--- !u!114 &1132575277576006917
MonoBehaviour:
  m_ObjectHideFlags: 0
  m_CorrespondingSourceObject: {fileID: 0}
  m_PrefabInstance: {fileID: 0}
  m_PrefabAsset: {fileID: 0}
  m_GameObject: {fileID: 1728364466214906549}
  m_Enabled: 1
  m_EditorHideFlags: 0
  m_Script: {fileID: 11500000, guid: f4044717213e31446939f7bd49c896ea, type: 3}
  m_Name: 
  m_EditorClassIdentifier: 
  m_TrackedObjectOffset: {x: 0, y: 0, z: 0}
  m_LookaheadTime: 0
  m_LookaheadSmoothing: 0
  m_LookaheadIgnoreY: 0
  m_HorizontalDamping: 0.5
  m_VerticalDamping: 0.5
  m_ScreenX: 0.5
  m_ScreenY: 0.5
  m_DeadZoneWidth: 0
  m_DeadZoneHeight: 0
  m_SoftZoneWidth: 0.8
  m_SoftZoneHeight: 0.8
  m_BiasX: 0
  m_BiasY: 0
  m_CenterOnActivate: 1
--- !u!114 &3141971845488191620
MonoBehaviour:
  m_ObjectHideFlags: 0
  m_CorrespondingSourceObject: {fileID: 0}
  m_PrefabInstance: {fileID: 0}
  m_PrefabAsset: {fileID: 0}
  m_GameObject: {fileID: 1728364466214906549}
  m_Enabled: 1
  m_EditorHideFlags: 0
  m_Script: {fileID: 11500000, guid: 418e42c7d0405cc48a7b83f63ea53bb3, type: 3}
  m_Name: 
  m_EditorClassIdentifier: 
  m_Path: {fileID: 4968659948217751374}
  m_PathPosition: -0.44
  m_PositionUnits: 0
  m_PathOffset: {x: 0, y: 0, z: 0}
  m_XDamping: 0
  m_YDamping: 0
  m_ZDamping: 1
  m_CameraUp: 0
  m_PitchDamping: 0
  m_YawDamping: 0
  m_RollDamping: 0
  m_AutoDolly:
    m_Enabled: 0
    m_PositionOffset: 0
    m_SearchRadius: 2
    m_SearchResolution: 5
--- !u!1 &1729264525037410805
GameObject:
  m_ObjectHideFlags: 0
  m_CorrespondingSourceObject: {fileID: 0}
  m_PrefabInstance: {fileID: 0}
  m_PrefabAsset: {fileID: 0}
  serializedVersion: 6
  m_Component:
  - component: {fileID: 7954071353489560045}
  - component: {fileID: 966199339885286599}
  m_Layer: 0
  m_Name: Route
  m_TagString: Untagged
  m_Icon: {fileID: 0}
  m_NavMeshLayer: 0
  m_StaticEditorFlags: 0
  m_IsActive: 1
--- !u!4 &7954071353489560045
Transform:
  m_ObjectHideFlags: 0
  m_CorrespondingSourceObject: {fileID: 0}
  m_PrefabInstance: {fileID: 0}
  m_PrefabAsset: {fileID: 0}
  m_GameObject: {fileID: 1729264525037410805}
  m_LocalRotation: {x: 0.82066685, y: 0.2892918, z: -0.4647342, w: 0.16382428}
  m_LocalPosition: {x: 0.000061035156, y: -0.000012218952, z: 0}
  m_LocalScale: {x: 1, y: 1, z: 1}
  m_ConstrainProportionsScale: 0
  m_Children: []
  m_Father: {fileID: 5005824613177334997}
  m_RootOrder: 0
  m_LocalEulerAnglesHint: {x: 147.469, y: 52.403, z: -22.492981}
--- !u!114 &966199339885286599
MonoBehaviour:
  m_ObjectHideFlags: 0
  m_CorrespondingSourceObject: {fileID: 0}
  m_PrefabInstance: {fileID: 0}
  m_PrefabAsset: {fileID: 0}
  m_GameObject: {fileID: 1729264525037410805}
  m_Enabled: 1
  m_EditorHideFlags: 0
  m_Script: {fileID: 11500000, guid: 8e5ac92bc18f545cc84cd886ece82b4d, type: 3}
  m_Name: 
  m_EditorClassIdentifier: 
  editorData:
    _bezierPath:
      points:
      - {x: 376.8975, y: 178.00566, z: -20.206932}
      - {x: 377.56314, y: 178.51521, z: -18.826714}
      - {x: 345.82736, y: 153.55269, z: -31.216331}
      - {x: 322.94427, y: 129.67451, z: -30.210924}
      - {x: 293.8296, y: 99.29377, z: -28.93172}
      - {x: 287.44418, y: 61.746067, z: -14.817583}
      - {x: 272.86127, y: 57.259827, z: -11.441676}
      - {x: 253.20642, y: 51.213272, z: -6.891629}
      - {x: 200.92838, y: 81.10103, z: -16.895184}
      - {x: 180.9868, y: 72.923035, z: -17.88108}
      - {x: 169.42342, y: 68.180916, z: -18.452766}
      - {x: 142.63962, y: 20.651476, z: 4.961091}
      - {x: 119.434265, y: 4.424181, z: 3.7958968}
      - {x: 82.9527, y: -21.08706, z: 1.9640723}
      - {x: 62.701107, y: -48.50921, z: 26.365955}
      - {x: 5.0900364, y: -55.604156, z: 36.55937}
      isClosed: 0
      space: 0
      controlMode: 0
      autoControlLength: 0.3
      boundsUpToDate: 0
      bounds:
        m_Center: {x: 0, y: 0, z: 0}
        m_Extent: {x: 0, y: 0, z: 0}
      perAnchorNormalsAngle:
      - 0
      - 33.3
      - 21.21
      - 353.98932
      - 15.641981
      - 0
      globalNormalsAngle: 114
      flipNormals: 1
    vertexPathUpToDate: 1
    vertexPathMaxAngleError: 0.3
    vertexPathMinVertexSpacing: 0.01
    showTransformTool: 1
    showPathBounds: 0
    showPerSegmentBounds: 0
    displayAnchorPoints: 1
    displayControlPoints: 1
    bezierHandleScale: 0.47
    globalDisplaySettingsFoldout: 0
    keepConstantHandleSize: 1
    showNormalsInVertexMode: 0
    showBezierPathInVertexMode: 0
    showDisplayOptions: 1
    showPathOptions: 1
    showVertexPathDisplayOptions: 1
    showVertexPathOptions: 1
    showNormals: 1
    showNormalsHelpInfo: 0
    tabIndex: 0
  initialized: 1
--- !u!1 &3537591982574795687
GameObject:
  m_ObjectHideFlags: 0
  m_CorrespondingSourceObject: {fileID: 0}
  m_PrefabInstance: {fileID: 0}
  m_PrefabAsset: {fileID: 0}
  serializedVersion: 6
  m_Component:
  - component: {fileID: 6964508242317487201}
  m_Layer: 0
  m_Name: SFX
  m_TagString: Untagged
  m_Icon: {fileID: 0}
  m_NavMeshLayer: 0
  m_StaticEditorFlags: 0
  m_IsActive: 1
--- !u!4 &6964508242317487201
Transform:
  m_ObjectHideFlags: 0
  m_CorrespondingSourceObject: {fileID: 0}
  m_PrefabInstance: {fileID: 0}
  m_PrefabAsset: {fileID: 0}
  m_GameObject: {fileID: 3537591982574795687}
  m_LocalRotation: {x: 0, y: 0, z: 0, w: 1}
  m_LocalPosition: {x: 0, y: 0, z: 0}
  m_LocalScale: {x: 1, y: 1, z: 1}
  m_ConstrainProportionsScale: 0
  m_Children:
  - {fileID: 2982682543731507189}
  m_Father: {fileID: 6356259981071833482}
  m_RootOrder: 3
  m_LocalEulerAnglesHint: {x: 0, y: 0, z: 0}
--- !u!1 &4562058804090784965
GameObject:
  m_ObjectHideFlags: 0
  m_CorrespondingSourceObject: {fileID: 0}
  m_PrefabInstance: {fileID: 0}
  m_PrefabAsset: {fileID: 0}
  serializedVersion: 6
  m_Component:
  - component: {fileID: 4049127241177455861}
  - component: {fileID: 1058980216860181906}
  - component: {fileID: 3531509713189390718}
  m_Layer: 0
  m_Name: Point Light
  m_TagString: Untagged
  m_Icon: {fileID: 0}
  m_NavMeshLayer: 0
  m_StaticEditorFlags: 0
  m_IsActive: 1
--- !u!4 &4049127241177455861
Transform:
  m_ObjectHideFlags: 0
  m_CorrespondingSourceObject: {fileID: 0}
  m_PrefabInstance: {fileID: 0}
  m_PrefabAsset: {fileID: 0}
  m_GameObject: {fileID: 4562058804090784965}
  m_LocalRotation: {x: -0, y: -0, z: -0, w: 1}
  m_LocalPosition: {x: -128.89, y: 40.05, z: 0}
  m_LocalScale: {x: 1, y: 1, z: 1}
  m_ConstrainProportionsScale: 0
  m_Children: []
  m_Father: {fileID: 6356259981071833482}
  m_RootOrder: 4
  m_LocalEulerAnglesHint: {x: 0, y: 0, z: 0}
--- !u!108 &1058980216860181906
Light:
  m_ObjectHideFlags: 0
  m_CorrespondingSourceObject: {fileID: 0}
  m_PrefabInstance: {fileID: 0}
  m_PrefabAsset: {fileID: 0}
  m_GameObject: {fileID: 4562058804090784965}
  m_Enabled: 1
  serializedVersion: 10
  m_Type: 2
  m_Shape: 0
  m_Color: {r: 1, g: 1, b: 1, a: 1}
  m_Intensity: 10
  m_Range: 17.484283
  m_SpotAngle: 30
  m_InnerSpotAngle: 21.80208
  m_CookieSize: 10
  m_Shadows:
    m_Type: 0
    m_Resolution: -1
    m_CustomResolution: -1
    m_Strength: 1
    m_Bias: 0.05
    m_NormalBias: 0.4
    m_NearPlane: 0.2
    m_CullingMatrixOverride:
      e00: 1
      e01: 0
      e02: 0
      e03: 0
      e10: 0
      e11: 1
      e12: 0
      e13: 0
      e20: 0
      e21: 0
      e22: 1
      e23: 0
      e30: 0
      e31: 0
      e32: 0
      e33: 1
    m_UseCullingMatrixOverride: 0
  m_Cookie: {fileID: 0}
  m_DrawHalo: 0
  m_Flare: {fileID: 0}
  m_RenderMode: 0
  m_CullingMask:
    serializedVersion: 2
    m_Bits: 4294967295
  m_RenderingLayerMask: 1
  m_Lightmapping: 2
  m_LightShadowCasterMode: 0
  m_AreaSize: {x: 1, y: 1}
  m_BounceIntensity: 5
  m_ColorTemperature: 6570
  m_UseColorTemperature: 0
  m_BoundingSphereOverride: {x: NaN, y: 0.000000045427754, z: 4.5905e-41, w: -0.004187431}
  m_UseBoundingSphereOverride: 0
  m_UseViewFrustumForShadowCasterCull: 1
  m_ShadowRadius: 0
  m_ShadowAngle: 0
--- !u!114 &3531509713189390718
MonoBehaviour:
  m_ObjectHideFlags: 0
  m_CorrespondingSourceObject: {fileID: 0}
  m_PrefabInstance: {fileID: 0}
  m_PrefabAsset: {fileID: 0}
  m_GameObject: {fileID: 4562058804090784965}
  m_Enabled: 1
  m_EditorHideFlags: 0
  m_Script: {fileID: 11500000, guid: 474bcb49853aa07438625e644c072ee6, type: 3}
  m_Name: 
  m_EditorClassIdentifier: 
  m_Version: 1
  m_UsePipelineSettings: 1
  m_AdditionalLightsShadowResolutionTier: 2
  m_LightLayerMask: 1
  m_CustomShadowLayers: 0
  m_ShadowLayerMask: 1
  m_LightCookieSize: {x: 1, y: 1}
  m_LightCookieOffset: {x: 0, y: 0}
--- !u!1 &5180609795639859998
GameObject:
  m_ObjectHideFlags: 0
  m_CorrespondingSourceObject: {fileID: 0}
  m_PrefabInstance: {fileID: 0}
  m_PrefabAsset: {fileID: 0}
  serializedVersion: 6
  m_Component:
  - component: {fileID: 1635325194706252267}
  - component: {fileID: 4968659948217751374}
  m_Layer: 0
  m_Name: DollyTrack1
  m_TagString: Untagged
  m_Icon: {fileID: 0}
  m_NavMeshLayer: 0
  m_StaticEditorFlags: 0
  m_IsActive: 1
--- !u!4 &1635325194706252267
Transform:
  m_ObjectHideFlags: 0
  m_CorrespondingSourceObject: {fileID: 0}
  m_PrefabInstance: {fileID: 0}
  m_PrefabAsset: {fileID: 0}
  m_GameObject: {fileID: 5180609795639859998}
  m_LocalRotation: {x: 0.10025109, y: 0.89964116, z: -0.022891194, w: -0.42434853}
  m_LocalPosition: {x: 0, y: 0, z: 0}
  m_LocalScale: {x: 0.19999999, y: 0.20000003, z: 0.20000005}
  m_ConstrainProportionsScale: 0
  m_Children: []
  m_Father: {fileID: 8933466776105568187}
  m_RootOrder: 0
  m_LocalEulerAnglesHint: {x: 0, y: 0, z: 0}
--- !u!114 &4968659948217751374
MonoBehaviour:
  m_ObjectHideFlags: 0
  m_CorrespondingSourceObject: {fileID: 0}
  m_PrefabInstance: {fileID: 0}
  m_PrefabAsset: {fileID: 0}
  m_GameObject: {fileID: 5180609795639859998}
  m_Enabled: 1
  m_EditorHideFlags: 0
  m_Script: {fileID: 11500000, guid: a200b19ca1a9685429ed7e043c28e904, type: 3}
  m_Name: 
  m_EditorClassIdentifier: 
  m_Resolution: 23
  m_Appearance:
    pathColor: {r: 1, g: 0, b: 0.028217316, a: 1}
    inactivePathColor: {r: 0.5, g: 0.5, b: 0.5, a: 1}
    width: 4.64
  m_Looped: 0
  m_Waypoints:
  - position: {x: -1022.43915, y: 209.82181, z: 52.786327}
    roll: 0
  - position: {x: -842.1342, y: 359.68707, z: 127.8631}
    roll: 0
  - position: {x: -513.18823, y: 432.74942, z: 354.9507}
    roll: -49.35
  - position: {x: -322.62213, y: 149.57245, z: 480.96854}
    roll: -98.7
--- !u!1 &5675370115389506368
GameObject:
  m_ObjectHideFlags: 0
  m_CorrespondingSourceObject: {fileID: 0}
  m_PrefabInstance: {fileID: 0}
  m_PrefabAsset: {fileID: 0}
  serializedVersion: 6
  m_Component:
  - component: {fileID: 4071656115814114321}
  - component: {fileID: 8576626508074984253}
  m_Layer: 0
  m_Name: Model
  m_TagString: Untagged
  m_Icon: {fileID: 0}
  m_NavMeshLayer: 0
  m_StaticEditorFlags: 0
  m_IsActive: 1
--- !u!4 &4071656115814114321
Transform:
  m_ObjectHideFlags: 0
  m_CorrespondingSourceObject: {fileID: 0}
  m_PrefabInstance: {fileID: 0}
  m_PrefabAsset: {fileID: 0}
  m_GameObject: {fileID: 5675370115389506368}
  m_LocalRotation: {x: -0.5906308, y: 0.74008006, z: -0.16779435, w: -0.27437532}
  m_LocalPosition: {x: 276.1342, y: -6.219495, z: -312.82178}
  m_LocalScale: {x: 1, y: 1, z: 1}
  m_ConstrainProportionsScale: 0
  m_Children:
  - {fileID: 5233948120224119621}
  m_Father: {fileID: 5005824613177334997}
  m_RootOrder: 1
  m_LocalEulerAnglesHint: {x: 0, y: 0, z: 0}
--- !u!114 &8576626508074984253
MonoBehaviour:
  m_ObjectHideFlags: 0
  m_CorrespondingSourceObject: {fileID: 0}
  m_PrefabInstance: {fileID: 0}
  m_PrefabAsset: {fileID: 0}
  m_GameObject: {fileID: 5675370115389506368}
  m_Enabled: 1
  m_EditorHideFlags: 0
  m_Script: {fileID: 11500000, guid: 67d7c925bc60fa64989d232e46b431da, type: 3}
  m_Name: 
  m_EditorClassIdentifier: 
  baseFrameWait: 3
  maxFrameWait: 30
  Route: {fileID: 966199339885286599}
  Velocity: 5
  direction: 0
  useGuide: 1
  GuideDistanceTraveled: 0
--- !u!1 &5742053444329391640
GameObject:
  m_ObjectHideFlags: 0
  m_CorrespondingSourceObject: {fileID: 0}
  m_PrefabInstance: {fileID: 0}
  m_PrefabAsset: {fileID: 0}
  serializedVersion: 6
  m_Component:
  - component: {fileID: 3734018716578400174}
  - component: {fileID: 231707146979412244}
  m_Layer: 0
  m_Name: KinematicCamera
  m_TagString: Untagged
  m_Icon: {fileID: 0}
  m_NavMeshLayer: 0
  m_StaticEditorFlags: 0
  m_IsActive: 1
--- !u!4 &3734018716578400174
Transform:
  m_ObjectHideFlags: 0
  m_CorrespondingSourceObject: {fileID: 0}
  m_PrefabInstance: {fileID: 0}
  m_PrefabAsset: {fileID: 0}
  m_GameObject: {fileID: 5742053444329391640}
  m_LocalRotation: {x: 0.006430844, y: 0.92038196, z: -0.015150308, w: 0.3906741}
  m_LocalPosition: {x: 125.37775, y: 0.68205565, z: -167.2355}
  m_LocalScale: {x: 1, y: 1, z: 1}
  m_ConstrainProportionsScale: 0
  m_Children:
  - {fileID: 1813625659783420149}
  m_Father: {fileID: 8933466776105568187}
  m_RootOrder: 1
  m_LocalEulerAnglesHint: {x: 0, y: 0, z: 0}
--- !u!114 &231707146979412244
MonoBehaviour:
  m_ObjectHideFlags: 0
  m_CorrespondingSourceObject: {fileID: 0}
  m_PrefabInstance: {fileID: 0}
  m_PrefabAsset: {fileID: 0}
  m_GameObject: {fileID: 5742053444329391640}
  m_Enabled: 1
  m_EditorHideFlags: 0
  m_Script: {fileID: 11500000, guid: 45e653bab7fb20e499bda25e1b646fea, type: 3}
  m_Name: 
  m_EditorClassIdentifier: 
  m_ExcludedPropertiesInInspector:
  - m_Script
  m_LockStageInInspector: 
  m_StreamingVersion: 20170927
  m_Priority: 0
  m_StandbyUpdate: 2
  m_LookAt: {fileID: 4071656115814114321}
  m_Follow: {fileID: 4071656115814114321}
  m_Lens:
    FieldOfView: 60.000004
    OrthographicSize: 5
    NearClipPlane: 0.1
    FarClipPlane: 5000
    Dutch: 0
    ModeOverride: 0
    LensShift: {x: 0, y: 0}
    GateFit: 2
    m_SensorSize: {x: 1, y: 1}
  m_Transitions:
    m_BlendHint: 0
    m_InheritPosition: 0
    m_OnCameraLive:
      m_PersistentCalls:
        m_Calls: []
  m_LegacyBlendHint: 0
  m_ComponentOwner: {fileID: 1813625659783420149}
--- !u!1 &6356259981071833483
GameObject:
  m_ObjectHideFlags: 0
  m_CorrespondingSourceObject: {fileID: 0}
  m_PrefabInstance: {fileID: 0}
  m_PrefabAsset: {fileID: 0}
  serializedVersion: 6
  m_Component:
  - component: {fileID: 6356259981071833482}
  m_Layer: 0
  m_Name: KillBossLionFishEnemy
  m_TagString: Untagged
  m_Icon: {fileID: 0}
  m_NavMeshLayer: 0
  m_StaticEditorFlags: 0
  m_IsActive: 1
--- !u!4 &6356259981071833482
Transform:
  m_ObjectHideFlags: 0
  m_CorrespondingSourceObject: {fileID: 0}
  m_PrefabInstance: {fileID: 0}
  m_PrefabAsset: {fileID: 0}
  m_GameObject: {fileID: 6356259981071833483}
  m_LocalRotation: {x: 0, y: 0, z: 0, w: 1}
  m_LocalPosition: {x: -684, y: -9.6, z: -1509}
  m_LocalScale: {x: 1, y: 1, z: 1}
  m_ConstrainProportionsScale: 0
  m_Children:
  - {fileID: 1829657670251643714}
  - {fileID: 6666373208693605113}
  - {fileID: 6356259982626474907}
  - {fileID: 6964508242317487201}
  - {fileID: 4049127241177455861}
  m_Father: {fileID: 0}
  m_RootOrder: 0
  m_LocalEulerAnglesHint: {x: 0, y: 0, z: 0}
--- !u!1 &6356259982626474909
GameObject:
  m_ObjectHideFlags: 0
  m_CorrespondingSourceObject: {fileID: 0}
  m_PrefabInstance: {fileID: 0}
  m_PrefabAsset: {fileID: 0}
  serializedVersion: 6
  m_Component:
  - component: {fileID: 6356259982626474907}
  - component: {fileID: 6356259982626474908}
  - component: {fileID: 8102871644737460392}
  - component: {fileID: 7794197713668748255}
  - component: {fileID: 5777613544673918312}
  m_Layer: 0
  m_Name: KillEnemyChallenge
  m_TagString: Untagged
  m_Icon: {fileID: 0}
  m_NavMeshLayer: 0
  m_StaticEditorFlags: 0
  m_IsActive: 1
--- !u!4 &6356259982626474907
Transform:
  m_ObjectHideFlags: 0
  m_CorrespondingSourceObject: {fileID: 0}
  m_PrefabInstance: {fileID: 0}
  m_PrefabAsset: {fileID: 0}
  m_GameObject: {fileID: 6356259982626474909}
  m_LocalRotation: {x: -0, y: -0, z: -0, w: 1}
  m_LocalPosition: {x: -59.280334, y: 0.3, z: 0}
  m_LocalScale: {x: 1, y: 1, z: 1}
  m_ConstrainProportionsScale: 0
  m_Children:
  - {fileID: 8933466776105568187}
  - {fileID: 5005824613177334997}
  - {fileID: 3781487829841960284}
  - {fileID: 4698408185616028642}
  m_Father: {fileID: 6356259981071833482}
  m_RootOrder: 2
  m_LocalEulerAnglesHint: {x: 0, y: 0, z: 0}
--- !u!114 &6356259982626474908
MonoBehaviour:
  m_ObjectHideFlags: 0
  m_CorrespondingSourceObject: {fileID: 0}
  m_PrefabInstance: {fileID: 0}
  m_PrefabAsset: {fileID: 0}
  m_GameObject: {fileID: 6356259982626474909}
  m_Enabled: 1
  m_EditorHideFlags: 0
  m_Script: {fileID: 11500000, guid: bf8d7f36a8c868c4f88c352131c634a6, type: 3}
  m_Name: 
  m_EditorClassIdentifier: 
  polyp: {fileID: 1020016389675642550}
  challengeCompleted:
    m_PersistentCalls:
      m_Calls: []
  doKinematic: 1
  kinematic: {fileID: 8102871644737460392}
  useUI: 1
  challengeData: {fileID: 0}
  activeExternal: 0
  showUI: {fileID: 1829657671695014796}
  unlockAbility: 0
  abilityToUnlock:
    playerAbilities: {fileID: 0}
    <Ability>k__BackingField: {fileID: 0}
    effect: {fileID: 0}
    islocked: 0
  abilityData: {fileID: 0}
  layerData: {fileID: 11400000, guid: d90667e38f692854f871a6ece5614e19, type: 2}
  completeChallengeSFX: {fileID: 0}
  enemyCharacter: {fileID: 2227434505757681343}
  lockDownColliders: {fileID: 0}
  activeChallenge: {fileID: 1829657671695014796}
  deactiveCollider: 1
  diedTarget: {fileID: 3781487829841960284}
--- !u!114 &8102871644737460392
MonoBehaviour:
  m_ObjectHideFlags: 0
  m_CorrespondingSourceObject: {fileID: 0}
  m_PrefabInstance: {fileID: 0}
  m_PrefabAsset: {fileID: 0}
  m_GameObject: {fileID: 6356259982626474909}
  m_Enabled: 1
  m_EditorHideFlags: 0
  m_Script: {fileID: 11500000, guid: 270f083f569cdfe44b2b6c1fc47e3d14, type: 3}
  m_Name: 
  m_EditorClassIdentifier: 
  kinematicsHandler: {fileID: 7794197713668748255}
  kinematicDelay: 1.2
  kinematicDuration: 5.2
  cinemachineSmoothPath: {fileID: 4968659948217751374}
  startConversation: 1
  routeFollower: {fileID: 8576626508074984253}
  putInFrontPlayer: 1
  targetPlayerPosition: {fileID: 4698408185616028642}
  volumen: 2
  soundVolumenData: {fileID: 11400000, guid: f5eeac0430ed0b64681ec51d762c2bae, type: 2}
  offset: 32
  debug: 0
  pathPosition: 0
--- !u!114 &7794197713668748255
MonoBehaviour:
  m_ObjectHideFlags: 0
  m_CorrespondingSourceObject: {fileID: 0}
  m_PrefabInstance: {fileID: 0}
  m_PrefabAsset: {fileID: 0}
  m_GameObject: {fileID: 6356259982626474909}
  m_Enabled: 1
  m_EditorHideFlags: 0
  m_Script: {fileID: 11500000, guid: 7a933e28cfc1afe459f17e0aa0781d51, type: 3}
  m_Name: 
  m_EditorClassIdentifier: 
  virtualCamera: {fileID: 231707146979412244}
  cameraTransformToFollowAndLook: {fileID: 4071656115814114321}
  shouldMoveCamera: 1
  shouldOverrideCameraTarget: 1
--- !u!114 &5777613544673918312
MonoBehaviour:
  m_ObjectHideFlags: 0
  m_CorrespondingSourceObject: {fileID: 0}
  m_PrefabInstance: {fileID: 0}
  m_PrefabAsset: {fileID: 0}
  m_GameObject: {fileID: 6356259982626474909}
  m_Enabled: 1
  m_EditorHideFlags: 0
  m_Script: {fileID: 11500000, guid: 4b8d3a401a4ecbe4bb8e4f9fa517ab8d, type: 3}
  m_Name: 
  m_EditorClassIdentifier: 
  conversation: MeroFishDialogue
  stopPlayerActions: 1
  stopMoveCamera: 1
  lookConversant: 1
  OnConversationStarted:
    m_PersistentCalls:
      m_Calls: []
  delayEnd: 0
  delayTime: 1
  OnConversationEnded:
    m_PersistentCalls:
      m_Calls: []
  <Conversant>k__BackingField: {fileID: 4071656115814114321}
--- !u!1 &6873154402775967931
GameObject:
  m_ObjectHideFlags: 0
  m_CorrespondingSourceObject: {fileID: 0}
  m_PrefabInstance: {fileID: 0}
  m_PrefabAsset: {fileID: 0}
  serializedVersion: 6
  m_Component:
  - component: {fileID: 8933466776105568187}
  m_Layer: 0
  m_Name: KInematic
  m_TagString: Untagged
  m_Icon: {fileID: 0}
  m_NavMeshLayer: 0
  m_StaticEditorFlags: 0
  m_IsActive: 1
--- !u!4 &8933466776105568187
Transform:
  m_ObjectHideFlags: 0
  m_CorrespondingSourceObject: {fileID: 0}
  m_PrefabInstance: {fileID: 0}
  m_PrefabAsset: {fileID: 0}
  m_GameObject: {fileID: 6873154402775967931}
  m_LocalRotation: {x: -0, y: -0, z: -0, w: 1}
  m_LocalPosition: {x: 0, y: 0, z: 0}
  m_LocalScale: {x: 1, y: 1, z: 1}
  m_ConstrainProportionsScale: 0
  m_Children:
  - {fileID: 1635325194706252267}
  - {fileID: 3734018716578400174}
  m_Father: {fileID: 6356259982626474907}
  m_RootOrder: 0
  m_LocalEulerAnglesHint: {x: 0, y: 0, z: 0}
--- !u!1 &7972632018715217472
GameObject:
  m_ObjectHideFlags: 0
  m_CorrespondingSourceObject: {fileID: 0}
  m_PrefabInstance: {fileID: 0}
  m_PrefabAsset: {fileID: 0}
  serializedVersion: 6
  m_Component:
  - component: {fileID: 2982682543731507189}
  - component: {fileID: 2153671566264311971}
  m_Layer: 0
  m_Name: CompleteChallenge
  m_TagString: Untagged
  m_Icon: {fileID: 0}
  m_NavMeshLayer: 0
  m_StaticEditorFlags: 0
  m_IsActive: 1
--- !u!4 &2982682543731507189
Transform:
  m_ObjectHideFlags: 0
  m_CorrespondingSourceObject: {fileID: 0}
  m_PrefabInstance: {fileID: 0}
  m_PrefabAsset: {fileID: 0}
  m_GameObject: {fileID: 7972632018715217472}
  m_LocalRotation: {x: 0, y: 0, z: 0, w: 1}
  m_LocalPosition: {x: 0, y: 0, z: 0}
  m_LocalScale: {x: 1, y: 1, z: 1}
  m_ConstrainProportionsScale: 0
  m_Children: []
  m_Father: {fileID: 6964508242317487201}
  m_RootOrder: 0
  m_LocalEulerAnglesHint: {x: 0, y: 0, z: 0}
--- !u!114 &2153671566264311971
MonoBehaviour:
  m_ObjectHideFlags: 0
  m_CorrespondingSourceObject: {fileID: 0}
  m_PrefabInstance: {fileID: 0}
  m_PrefabAsset: {fileID: 0}
  m_GameObject: {fileID: 7972632018715217472}
  m_Enabled: 1
  m_EditorHideFlags: 0
  m_Script: {fileID: 11500000, guid: 9a6610d2e704f1648819acc8d7460285, type: 3}
  m_Name: 
  m_EditorClassIdentifier: 
  CollisionTag: 
  EventReference:
    Guid:
      Data1: -1546618170
      Data2: 1302732585
      Data3: -1368992888
      Data4: -1335647461
    Path: event:/SFX/Collectibles/Collect Pearl
  Event: 
  PlayEvent: 0
  StopEvent: 0
  AllowFadeout: 1
  TriggerOnce: 0
  Preload: 0
  Params: []
  OverrideAttenuation: 0
  OverrideMinDistance: 1
  OverrideMaxDistance: 20
--- !u!1 &8241018367827987964
GameObject:
  m_ObjectHideFlags: 0
  m_CorrespondingSourceObject: {fileID: 0}
  m_PrefabInstance: {fileID: 0}
  m_PrefabAsset: {fileID: 0}
  serializedVersion: 6
  m_Component:
  - component: {fileID: 3781487829841960284}
  m_Layer: 0
  m_Name: TargetDied
  m_TagString: Untagged
  m_Icon: {fileID: 0}
  m_NavMeshLayer: 0
  m_StaticEditorFlags: 0
  m_IsActive: 1
--- !u!4 &3781487829841960284
Transform:
  m_ObjectHideFlags: 0
  m_CorrespondingSourceObject: {fileID: 0}
  m_PrefabInstance: {fileID: 0}
  m_PrefabAsset: {fileID: 0}
  m_GameObject: {fileID: 8241018367827987964}
  m_LocalRotation: {x: -0, y: -0, z: -0, w: 1}
  m_LocalPosition: {x: 8.5, y: 38.9, z: -74.9}
  m_LocalScale: {x: 1, y: 1, z: 1}
  m_ConstrainProportionsScale: 0
  m_Children: []
  m_Father: {fileID: 6356259982626474907}
  m_RootOrder: 2
  m_LocalEulerAnglesHint: {x: 0, y: 0, z: 0}
--- !u!1001 &4991536687580537191
PrefabInstance:
  m_ObjectHideFlags: 0
  serializedVersion: 2
  m_Modification:
    m_TransformParent: {fileID: 4071656115814114321}
    m_Modifications:
    - target: {fileID: 481014978261352600, guid: de6b6cdbcd04d1d40befc9195ca2ccdd,
        type: 3}
      propertyPath: m_Name
      value: PezMeroLP (1)
      objectReference: {fileID: 0}
    - target: {fileID: 481014978261352600, guid: de6b6cdbcd04d1d40befc9195ca2ccdd,
        type: 3}
      propertyPath: m_IsActive
      value: 1
      objectReference: {fileID: 0}
    - target: {fileID: 1001831282735929890, guid: de6b6cdbcd04d1d40befc9195ca2ccdd,
        type: 3}
      propertyPath: m_RootOrder
      value: 0
      objectReference: {fileID: 0}
    - target: {fileID: 1001831282735929890, guid: de6b6cdbcd04d1d40befc9195ca2ccdd,
        type: 3}
      propertyPath: m_LocalScale.x
      value: 8
      objectReference: {fileID: 0}
    - target: {fileID: 1001831282735929890, guid: de6b6cdbcd04d1d40befc9195ca2ccdd,
        type: 3}
      propertyPath: m_LocalScale.y
      value: 8
      objectReference: {fileID: 0}
    - target: {fileID: 1001831282735929890, guid: de6b6cdbcd04d1d40befc9195ca2ccdd,
        type: 3}
      propertyPath: m_LocalScale.z
      value: 8
      objectReference: {fileID: 0}
    - target: {fileID: 1001831282735929890, guid: de6b6cdbcd04d1d40befc9195ca2ccdd,
        type: 3}
      propertyPath: m_LocalPosition.x
      value: 0
      objectReference: {fileID: 0}
    - target: {fileID: 1001831282735929890, guid: de6b6cdbcd04d1d40befc9195ca2ccdd,
        type: 3}
      propertyPath: m_LocalPosition.y
      value: 0
      objectReference: {fileID: 0}
    - target: {fileID: 1001831282735929890, guid: de6b6cdbcd04d1d40befc9195ca2ccdd,
        type: 3}
      propertyPath: m_LocalPosition.z
      value: 0
      objectReference: {fileID: 0}
    - target: {fileID: 1001831282735929890, guid: de6b6cdbcd04d1d40befc9195ca2ccdd,
        type: 3}
      propertyPath: m_LocalRotation.w
      value: 1
      objectReference: {fileID: 0}
    - target: {fileID: 1001831282735929890, guid: de6b6cdbcd04d1d40befc9195ca2ccdd,
        type: 3}
      propertyPath: m_LocalRotation.x
      value: 0
      objectReference: {fileID: 0}
    - target: {fileID: 1001831282735929890, guid: de6b6cdbcd04d1d40befc9195ca2ccdd,
        type: 3}
      propertyPath: m_LocalRotation.y
      value: -0
      objectReference: {fileID: 0}
    - target: {fileID: 1001831282735929890, guid: de6b6cdbcd04d1d40befc9195ca2ccdd,
        type: 3}
      propertyPath: m_LocalRotation.z
      value: -0
      objectReference: {fileID: 0}
    - target: {fileID: 1001831282735929890, guid: de6b6cdbcd04d1d40befc9195ca2ccdd,
        type: 3}
      propertyPath: m_LocalEulerAnglesHint.x
      value: 0
      objectReference: {fileID: 0}
    - target: {fileID: 1001831282735929890, guid: de6b6cdbcd04d1d40befc9195ca2ccdd,
        type: 3}
      propertyPath: m_LocalEulerAnglesHint.y
      value: 0
      objectReference: {fileID: 0}
    - target: {fileID: 1001831282735929890, guid: de6b6cdbcd04d1d40befc9195ca2ccdd,
        type: 3}
      propertyPath: m_LocalEulerAnglesHint.z
      value: 0
      objectReference: {fileID: 0}
    - target: {fileID: 2138106887349379405, guid: de6b6cdbcd04d1d40befc9195ca2ccdd,
        type: 3}
      propertyPath: m_Materials.Array.data[0]
      value: 
      objectReference: {fileID: 2100000, guid: c0abb4b12f7dd8a439f510773ae6807f, type: 2}
    - target: {fileID: 3675560804954754531, guid: de6b6cdbcd04d1d40befc9195ca2ccdd,
        type: 3}
      propertyPath: m_Enabled
      value: 0
      objectReference: {fileID: 0}
    - target: {fileID: 4199856976677983623, guid: de6b6cdbcd04d1d40befc9195ca2ccdd,
        type: 3}
      propertyPath: m_Mesh
      value: 
      objectReference: {fileID: -2750872857126008371, guid: abc46ac6c1e6cac4c80399a2ab5569d5,
        type: 3}
    - target: {fileID: 5846333469858578476, guid: de6b6cdbcd04d1d40befc9195ca2ccdd,
        type: 3}
      propertyPath: m_IsActive
      value: 0
      objectReference: {fileID: 0}
    m_RemovedComponents:
    - {fileID: 3675560804954754531, guid: de6b6cdbcd04d1d40befc9195ca2ccdd, type: 3}
    - {fileID: 2510591185257184624, guid: de6b6cdbcd04d1d40befc9195ca2ccdd, type: 3}
  m_SourcePrefab: {fileID: 100100000, guid: de6b6cdbcd04d1d40befc9195ca2ccdd, type: 3}
--- !u!1 &1470382925797433675 stripped
GameObject:
  m_CorrespondingSourceObject: {fileID: 5846333469858578476, guid: de6b6cdbcd04d1d40befc9195ca2ccdd,
    type: 3}
  m_PrefabInstance: {fileID: 4991536687580537191}
  m_PrefabAsset: {fileID: 0}
--- !u!114 &4530554786465853151
MonoBehaviour:
  m_ObjectHideFlags: 0
  m_CorrespondingSourceObject: {fileID: 0}
  m_PrefabInstance: {fileID: 0}
  m_PrefabAsset: {fileID: 0}
  m_GameObject: {fileID: 1470382925797433675}
  m_Enabled: 1
  m_EditorHideFlags: 0
  m_Script: {fileID: 11500000, guid: 05f95526c73cad04a9ba330ab2e8b669, type: 3}
  m_Name: 
  m_EditorClassIdentifier: 
--- !u!1 &4893557614773297663 stripped
GameObject:
  m_CorrespondingSourceObject: {fileID: 481014978261352600, guid: de6b6cdbcd04d1d40befc9195ca2ccdd,
    type: 3}
  m_PrefabInstance: {fileID: 4991536687580537191}
  m_PrefabAsset: {fileID: 0}
--- !u!114 &5847026334881586052
MonoBehaviour:
  m_ObjectHideFlags: 0
  m_CorrespondingSourceObject: {fileID: 0}
  m_PrefabInstance: {fileID: 0}
  m_PrefabAsset: {fileID: 0}
  m_GameObject: {fileID: 4893557614773297663}
  m_Enabled: 1
  m_EditorHideFlags: 0
  m_Script: {fileID: 11500000, guid: 8e521e17cb0a4c042a37a43ce2113f4f, type: 3}
  m_Name: 
  m_EditorClassIdentifier: 
  transformToHide: {fileID: 2707826413719422816}
  distance: 32
--- !u!4 &5233948120224119621 stripped
Transform:
  m_CorrespondingSourceObject: {fileID: 1001831282735929890, guid: de6b6cdbcd04d1d40befc9195ca2ccdd,
    type: 3}
  m_PrefabInstance: {fileID: 4991536687580537191}
  m_PrefabAsset: {fileID: 0}
--- !u!1001 &6356259980621383196
PrefabInstance:
  m_ObjectHideFlags: 0
  serializedVersion: 2
  m_Modification:
    m_TransformParent: {fileID: 6356259981071833482}
    m_Modifications:
    - target: {fileID: 266226242, guid: 50d766934b9e6424d83e2281e0a5f6a0, type: 3}
      propertyPath: ActiveChase
      value: 
      objectReference: {fileID: 1829657671695014796}
    - target: {fileID: 56707296757499605, guid: 50d766934b9e6424d83e2281e0a5f6a0,
        type: 3}
      propertyPath: m_IsActive
      value: 1
      objectReference: {fileID: 0}
    - target: {fileID: 88893497675652014, guid: 50d766934b9e6424d83e2281e0a5f6a0,
        type: 3}
      propertyPath: m_IsActive
      value: 1
      objectReference: {fileID: 0}
    - target: {fileID: 259976852397645468, guid: 50d766934b9e6424d83e2281e0a5f6a0,
        type: 3}
      propertyPath: m_IsActive
      value: 1
      objectReference: {fileID: 0}
    - target: {fileID: 265085198535169089, guid: 50d766934b9e6424d83e2281e0a5f6a0,
        type: 3}
      propertyPath: smoothDuration
      value: 0.2
      objectReference: {fileID: 0}
    - target: {fileID: 265085198535169089, guid: 50d766934b9e6424d83e2281e0a5f6a0,
        type: 3}
      propertyPath: useSmoothTransition
      value: 1
      objectReference: {fileID: 0}
    - target: {fileID: 735831695330984383, guid: 50d766934b9e6424d83e2281e0a5f6a0,
        type: 3}
      propertyPath: m_IsActive
      value: 1
      objectReference: {fileID: 0}
    - target: {fileID: 966655329570753472, guid: 50d766934b9e6424d83e2281e0a5f6a0,
        type: 3}
      propertyPath: m_IsActive
      value: 1
      objectReference: {fileID: 0}
    - target: {fileID: 1253575903551406858, guid: 50d766934b9e6424d83e2281e0a5f6a0,
        type: 3}
      propertyPath: m_IsActive
      value: 1
      objectReference: {fileID: 0}
    - target: {fileID: 2257791901694583420, guid: 50d766934b9e6424d83e2281e0a5f6a0,
        type: 3}
      propertyPath: character
      value: 
      objectReference: {fileID: 2227434505757681343}
    - target: {fileID: 2257791901694583420, guid: 50d766934b9e6424d83e2281e0a5f6a0,
        type: 3}
      propertyPath: showGuide
      value: 1
      objectReference: {fileID: 0}
    - target: {fileID: 2257791901694583420, guid: 50d766934b9e6424d83e2281e0a5f6a0,
        type: 3}
      propertyPath: lookCamera
      value: 1
      objectReference: {fileID: 0}
    - target: {fileID: 2257791901694583420, guid: 50d766934b9e6424d83e2281e0a5f6a0,
        type: 3}
      propertyPath: targetPosition.y
      value: 10
      objectReference: {fileID: 0}
    - target: {fileID: 2312400621495667094, guid: 50d766934b9e6424d83e2281e0a5f6a0,
        type: 3}
      propertyPath: m_IsActive
      value: 1
      objectReference: {fileID: 0}
    - target: {fileID: 2513971488503178102, guid: 50d766934b9e6424d83e2281e0a5f6a0,
        type: 3}
      propertyPath: m_IsActive
      value: 1
      objectReference: {fileID: 0}
    - target: {fileID: 2939380316426194668, guid: 50d766934b9e6424d83e2281e0a5f6a0,
        type: 3}
      propertyPath: m_IsActive
      value: 1
      objectReference: {fileID: 0}
    - target: {fileID: 3052382679611892149, guid: 50d766934b9e6424d83e2281e0a5f6a0,
        type: 3}
      propertyPath: mBehaviorSource.mTaskData.JSONSerialization
      value: '{"Variables":[{"Type":"SharedEnemyController","Name":"EnemyController","IsShared":true,"EnemyControllermValue":0},{"Type":"BehaviorDesigner.Runtime.SharedGameObject","Name":"PlayerGameObject","IsShared":true},{"Type":"SharedEnemyCharacter","Name":"EnemyCharacter","IsShared":true,"EnemyCharactermValue":1},{"Type":"BehaviorDesigner.Runtime.SharedBool","Name":"playerDetected","IsShared":true,"BooleanmValue":false}]}'
      objectReference: {fileID: 0}
    - target: {fileID: 3052382679611892149, guid: 50d766934b9e6424d83e2281e0a5f6a0,
        type: 3}
      propertyPath: mBehaviorSource.mTaskData.fieldSerializationData.unityObjects.Array.size
      value: 2
      objectReference: {fileID: 0}
    - target: {fileID: 3420195838971591917, guid: 50d766934b9e6424d83e2281e0a5f6a0,
        type: 3}
      propertyPath: m_IsActive
      value: 1
      objectReference: {fileID: 0}
    - target: {fileID: 4094147323193627330, guid: 50d766934b9e6424d83e2281e0a5f6a0,
        type: 3}
      propertyPath: m_IsActive
      value: 1
      objectReference: {fileID: 0}
    - target: {fileID: 4706762109635200350, guid: 50d766934b9e6424d83e2281e0a5f6a0,
        type: 3}
      propertyPath: m_RootOrder
      value: 0
      objectReference: {fileID: 0}
    - target: {fileID: 4706762109635200350, guid: 50d766934b9e6424d83e2281e0a5f6a0,
        type: 3}
      propertyPath: m_LocalPosition.x
      value: -47.7
      objectReference: {fileID: 0}
    - target: {fileID: 4706762109635200350, guid: 50d766934b9e6424d83e2281e0a5f6a0,
        type: 3}
      propertyPath: m_LocalPosition.y
      value: 14.3
      objectReference: {fileID: 0}
    - target: {fileID: 4706762109635200350, guid: 50d766934b9e6424d83e2281e0a5f6a0,
        type: 3}
      propertyPath: m_LocalPosition.z
      value: 0
      objectReference: {fileID: 0}
    - target: {fileID: 4706762109635200350, guid: 50d766934b9e6424d83e2281e0a5f6a0,
        type: 3}
      propertyPath: m_LocalRotation.w
      value: 1
      objectReference: {fileID: 0}
    - target: {fileID: 4706762109635200350, guid: 50d766934b9e6424d83e2281e0a5f6a0,
        type: 3}
      propertyPath: m_LocalRotation.x
      value: -0
      objectReference: {fileID: 0}
    - target: {fileID: 4706762109635200350, guid: 50d766934b9e6424d83e2281e0a5f6a0,
        type: 3}
      propertyPath: m_LocalRotation.y
      value: -0
      objectReference: {fileID: 0}
    - target: {fileID: 4706762109635200350, guid: 50d766934b9e6424d83e2281e0a5f6a0,
        type: 3}
      propertyPath: m_LocalRotation.z
      value: -0
      objectReference: {fileID: 0}
    - target: {fileID: 4706762109635200350, guid: 50d766934b9e6424d83e2281e0a5f6a0,
        type: 3}
      propertyPath: m_LocalEulerAnglesHint.x
      value: 0
      objectReference: {fileID: 0}
    - target: {fileID: 4706762109635200350, guid: 50d766934b9e6424d83e2281e0a5f6a0,
        type: 3}
      propertyPath: m_LocalEulerAnglesHint.y
      value: 0
      objectReference: {fileID: 0}
    - target: {fileID: 4706762109635200350, guid: 50d766934b9e6424d83e2281e0a5f6a0,
        type: 3}
      propertyPath: m_LocalEulerAnglesHint.z
      value: 0
      objectReference: {fileID: 0}
    - target: {fileID: 4706762109635200351, guid: 50d766934b9e6424d83e2281e0a5f6a0,
        type: 3}
      propertyPath: m_Name
      value: EnemiAiGroup
      objectReference: {fileID: 0}
    - target: {fileID: 4706762109635200351, guid: 50d766934b9e6424d83e2281e0a5f6a0,
        type: 3}
      propertyPath: m_IsActive
      value: 1
      objectReference: {fileID: 0}
    - target: {fileID: 4706762111077522832, guid: 50d766934b9e6424d83e2281e0a5f6a0,
        type: 3}
      propertyPath: Collider
      value: 
      objectReference: {fileID: 0}
    - target: {fileID: 4706762111077522833, guid: 50d766934b9e6424d83e2281e0a5f6a0,
        type: 3}
      propertyPath: m_Size.x
      value: 0.98241854
      objectReference: {fileID: 0}
    - target: {fileID: 4706762111077522833, guid: 50d766934b9e6424d83e2281e0a5f6a0,
        type: 3}
      propertyPath: m_Size.y
      value: 1.8657016
      objectReference: {fileID: 0}
    - target: {fileID: 4706762111077522833, guid: 50d766934b9e6424d83e2281e0a5f6a0,
        type: 3}
      propertyPath: m_Size.z
      value: 1.078778
      objectReference: {fileID: 0}
    - target: {fileID: 4706762111077522833, guid: 50d766934b9e6424d83e2281e0a5f6a0,
        type: 3}
      propertyPath: m_Center.x
      value: -0.008790816
      objectReference: {fileID: 0}
    - target: {fileID: 4706762111077522833, guid: 50d766934b9e6424d83e2281e0a5f6a0,
        type: 3}
      propertyPath: m_Center.y
      value: 0.43285048
      objectReference: {fileID: 0}
    - target: {fileID: 4706762111077522833, guid: 50d766934b9e6424d83e2281e0a5f6a0,
        type: 3}
      propertyPath: m_Center.z
      value: 0.00091629394
      objectReference: {fileID: 0}
    - target: {fileID: 4706762111077522834, guid: 50d766934b9e6424d83e2281e0a5f6a0,
        type: 3}
      propertyPath: m_Mesh
      value: 
      objectReference: {fileID: -5076798556035486163, guid: 1d10ab654bef73c40b5286d763742f8c,
        type: 3}
    - target: {fileID: 4706762111077522835, guid: 50d766934b9e6424d83e2281e0a5f6a0,
        type: 3}
      propertyPath: m_Enabled
      value: 0
      objectReference: {fileID: 0}
    - target: {fileID: 4706762111077522846, guid: 50d766934b9e6424d83e2281e0a5f6a0,
        type: 3}
      propertyPath: m_LocalScale.x
      value: 282.0993
      objectReference: {fileID: 0}
    - target: {fileID: 4706762111077522846, guid: 50d766934b9e6424d83e2281e0a5f6a0,
        type: 3}
      propertyPath: m_LocalScale.y
      value: 97.36612
      objectReference: {fileID: 0}
    - target: {fileID: 4706762111077522846, guid: 50d766934b9e6424d83e2281e0a5f6a0,
        type: 3}
      propertyPath: m_LocalScale.z
      value: 282.0993
      objectReference: {fileID: 0}
    - target: {fileID: 4706762111077522846, guid: 50d766934b9e6424d83e2281e0a5f6a0,
        type: 3}
      propertyPath: m_LocalPosition.x
      value: -23.2
      objectReference: {fileID: 0}
    - target: {fileID: 4706762111077522846, guid: 50d766934b9e6424d83e2281e0a5f6a0,
        type: 3}
      propertyPath: m_LocalPosition.y
      value: 68.4
      objectReference: {fileID: 0}
    - target: {fileID: 4706762111077522846, guid: 50d766934b9e6424d83e2281e0a5f6a0,
        type: 3}
      propertyPath: m_LocalPosition.z
      value: 0
      objectReference: {fileID: 0}
    - target: {fileID: 4706762111077522846, guid: 50d766934b9e6424d83e2281e0a5f6a0,
        type: 3}
      propertyPath: m_LocalRotation.x
      value: -0
      objectReference: {fileID: 0}
    - target: {fileID: 4706762111077522846, guid: 50d766934b9e6424d83e2281e0a5f6a0,
        type: 3}
      propertyPath: m_LocalRotation.y
      value: -0
      objectReference: {fileID: 0}
    - target: {fileID: 4706762111077522846, guid: 50d766934b9e6424d83e2281e0a5f6a0,
        type: 3}
      propertyPath: m_LocalRotation.z
      value: -0
      objectReference: {fileID: 0}
    - target: {fileID: 4706762111077522847, guid: 50d766934b9e6424d83e2281e0a5f6a0,
        type: 3}
      propertyPath: m_IsActive
      value: 1
      objectReference: {fileID: 0}
    - target: {fileID: 4706762111431870560, guid: 50d766934b9e6424d83e2281e0a5f6a0,
        type: 3}
      propertyPath: m_LocalScale.x
      value: 1
      objectReference: {fileID: 0}
    - target: {fileID: 4706762111431870560, guid: 50d766934b9e6424d83e2281e0a5f6a0,
        type: 3}
      propertyPath: m_LocalScale.y
      value: 1
      objectReference: {fileID: 0}
    - target: {fileID: 4706762111431870560, guid: 50d766934b9e6424d83e2281e0a5f6a0,
        type: 3}
      propertyPath: m_LocalScale.z
      value: 1
      objectReference: {fileID: 0}
    - target: {fileID: 4706762111431870560, guid: 50d766934b9e6424d83e2281e0a5f6a0,
        type: 3}
      propertyPath: m_LocalPosition.x
      value: -19.9
      objectReference: {fileID: 0}
    - target: {fileID: 4706762111431870560, guid: 50d766934b9e6424d83e2281e0a5f6a0,
        type: 3}
      propertyPath: m_LocalPosition.y
      value: 31.7
      objectReference: {fileID: 0}
    - target: {fileID: 4706762111431870560, guid: 50d766934b9e6424d83e2281e0a5f6a0,
        type: 3}
      propertyPath: m_LocalPosition.z
      value: 0
      objectReference: {fileID: 0}
    - target: {fileID: 4706762111431870561, guid: 50d766934b9e6424d83e2281e0a5f6a0,
        type: 3}
      propertyPath: activeChase
      value: 
      objectReference: {fileID: 0}
    - target: {fileID: 4706762111431870565, guid: 50d766934b9e6424d83e2281e0a5f6a0,
        type: 3}
      propertyPath: m_Enabled
      value: 0
      objectReference: {fileID: 0}
    - target: {fileID: 4706762111431870574, guid: 50d766934b9e6424d83e2281e0a5f6a0,
        type: 3}
      propertyPath: m_IsActive
      value: 1
      objectReference: {fileID: 0}
    - target: {fileID: 4715948375416677725, guid: 50d766934b9e6424d83e2281e0a5f6a0,
        type: 3}
      propertyPath: m_IsActive
      value: 1
      objectReference: {fileID: 0}
    - target: {fileID: 4739667425074677466, guid: 50d766934b9e6424d83e2281e0a5f6a0,
        type: 3}
      propertyPath: m_IsActive
      value: 1
      objectReference: {fileID: 0}
    - target: {fileID: 5097018743914599689, guid: 50d766934b9e6424d83e2281e0a5f6a0,
        type: 3}
      propertyPath: m_IsActive
      value: 1
      objectReference: {fileID: 0}
    - target: {fileID: 5674554923521711190, guid: 50d766934b9e6424d83e2281e0a5f6a0,
        type: 3}
      propertyPath: m_IsActive
      value: 1
      objectReference: {fileID: 0}
    - target: {fileID: 5787000148336685484, guid: 50d766934b9e6424d83e2281e0a5f6a0,
        type: 3}
      propertyPath: m_IsActive
      value: 1
      objectReference: {fileID: 0}
    - target: {fileID: 6201120206955318880, guid: 50d766934b9e6424d83e2281e0a5f6a0,
        type: 3}
      propertyPath: m_IsActive
      value: 1
      objectReference: {fileID: 0}
    - target: {fileID: 6355506122735091184, guid: 50d766934b9e6424d83e2281e0a5f6a0,
        type: 3}
      propertyPath: m_IsActive
      value: 1
      objectReference: {fileID: 0}
    - target: {fileID: 6689528191613754486, guid: 50d766934b9e6424d83e2281e0a5f6a0,
        type: 3}
      propertyPath: m_RootOrder
      value: 3
      objectReference: {fileID: 0}
    - target: {fileID: 7316156536391086673, guid: 50d766934b9e6424d83e2281e0a5f6a0,
        type: 3}
      propertyPath: m_IsActive
      value: 1
      objectReference: {fileID: 0}
    - target: {fileID: 7655316902884341061, guid: 50d766934b9e6424d83e2281e0a5f6a0,
        type: 3}
      propertyPath: m_IsActive
      value: 1
      objectReference: {fileID: 0}
    - target: {fileID: 8009882199309013566, guid: 50d766934b9e6424d83e2281e0a5f6a0,
        type: 3}
      propertyPath: m_IsActive
      value: 1
      objectReference: {fileID: 0}
    - target: {fileID: 8170974853569883154, guid: 50d766934b9e6424d83e2281e0a5f6a0,
        type: 3}
      propertyPath: m_IsActive
      value: 1
      objectReference: {fileID: 0}
    - target: {fileID: 8277629891469650114, guid: 50d766934b9e6424d83e2281e0a5f6a0,
        type: 3}
      propertyPath: m_IsActive
      value: 1
      objectReference: {fileID: 0}
    - target: {fileID: 8444730564482923843, guid: 50d766934b9e6424d83e2281e0a5f6a0,
        type: 3}
      propertyPath: m_IsActive
      value: 1
      objectReference: {fileID: 0}
    - target: {fileID: 8705026231451210730, guid: 50d766934b9e6424d83e2281e0a5f6a0,
        type: 3}
      propertyPath: m_IsActive
      value: 1
      objectReference: {fileID: 0}
    - target: {fileID: 9103353519771627394, guid: 50d766934b9e6424d83e2281e0a5f6a0,
        type: 3}
      propertyPath: m_IsActive
      value: 1
      objectReference: {fileID: 0}
    m_RemovedComponents:
    - {fileID: 4706762111077522833, guid: 50d766934b9e6424d83e2281e0a5f6a0, type: 3}
    - {fileID: 4706762111077522835, guid: 50d766934b9e6424d83e2281e0a5f6a0, type: 3}
    - {fileID: 4706762111077522834, guid: 50d766934b9e6424d83e2281e0a5f6a0, type: 3}
  m_SourcePrefab: {fileID: 100100000, guid: 50d766934b9e6424d83e2281e0a5f6a0, type: 3}
--- !u!4 &1829657670251643714 stripped
Transform:
  m_CorrespondingSourceObject: {fileID: 4706762109635200350, guid: 50d766934b9e6424d83e2281e0a5f6a0,
    type: 3}
  m_PrefabInstance: {fileID: 6356259980621383196}
  m_PrefabAsset: {fileID: 0}
--- !u!1 &1829657671695014787 stripped
GameObject:
  m_CorrespondingSourceObject: {fileID: 4706762111077522847, guid: 50d766934b9e6424d83e2281e0a5f6a0,
    type: 3}
  m_PrefabInstance: {fileID: 6356259980621383196}
  m_PrefabAsset: {fileID: 0}
--- !u!114 &1879248676799398568
MonoBehaviour:
  m_ObjectHideFlags: 0
  m_CorrespondingSourceObject: {fileID: 0}
  m_PrefabInstance: {fileID: 0}
  m_PrefabAsset: {fileID: 0}
  m_GameObject: {fileID: 1829657671695014787}
  m_Enabled: 1
  m_EditorHideFlags: 0
  m_Script: {fileID: 11500000, guid: 4b52023370649574f99a3b38d7cb5f9e, type: 3}
  m_Name: 
  m_EditorClassIdentifier: 
  zoneTitlePrefab: {fileID: 5266467053831602529, guid: 2ecfb3f07c834124690719ead1a81aeb,
    type: 3}
  zoneName:
    FieldName: ChallengeText
    TextTable: {fileID: 0}
    TextColor: {r: 1, g: 0.5719801, b: 0, a: 1}
  duration: 2.75
--- !u!114 &1913899524071672185
MonoBehaviour:
  m_ObjectHideFlags: 0
  m_CorrespondingSourceObject: {fileID: 0}
  m_PrefabInstance: {fileID: 0}
  m_PrefabAsset: {fileID: 0}
  m_GameObject: {fileID: 1829657671695014787}
  m_Enabled: 1
  m_EditorHideFlags: 0
  m_Script: {fileID: 11500000, guid: 83baa4b09a83cea43857aad03d6b85b3, type: 3}
  m_Name: 
  m_EditorClassIdentifier: 
  enterEvent:
    m_PersistentCalls:
      m_Calls:
      - m_Target: {fileID: 1879248676799398568}
        m_TargetAssemblyTypeName: ShowZoneName, Assembly-CSharp
        m_MethodName: ShowUI
        m_Mode: 1
        m_Arguments:
          m_ObjectArgument: {fileID: 0}
          m_ObjectArgumentAssemblyTypeName: UnityEngine.Object, UnityEngine
          m_IntArgument: 0
          m_FloatArgument: 0
          m_StringArgument: 
          m_BoolArgument: 0
        m_CallState: 2
      - m_Target: {fileID: 6639665541501010121}
        m_TargetAssemblyTypeName: BossEnemyController, Assembly-CSharp
        m_MethodName: OnPlayerDetected
        m_Mode: 1
        m_Arguments:
          m_ObjectArgument: {fileID: 0}
          m_ObjectArgumentAssemblyTypeName: UnityEngine.Object, UnityEngine
          m_IntArgument: 0
          m_FloatArgument: 0
          m_StringArgument: 
          m_BoolArgument: 0
        m_CallState: 2
  exitEvent:
    m_PersistentCalls:
      m_Calls: []
  layerData: {fileID: 11400000, guid: d90667e38f692854f871a6ece5614e19, type: 2}
--- !u!114 &6356259981200476513
MonoBehaviour:
  m_ObjectHideFlags: 0
  m_CorrespondingSourceObject: {fileID: 0}
  m_PrefabInstance: {fileID: 0}
  m_PrefabAsset: {fileID: 0}
  m_GameObject: {fileID: 1829657671695014787}
  m_Enabled: 1
  m_EditorHideFlags: 0
  m_Script: {fileID: 11500000, guid: c65121c80caa23840ac5fe4cb7e6486d, type: 3}
  m_Name: 
  m_EditorClassIdentifier: 
  layerData: {fileID: 11400000, guid: d90667e38f692854f871a6ece5614e19, type: 2}
  eventEmitterData:
    EventReference:
      Guid:
        Data1: -314959614
        Data2: 1227138056
        Data3: -2116493136
        Data4: -884382701
      Path: event:/Music
    ParameterName: Zone
    ParameterValue: 3
    ParameterIndex: 4
  useSmoothTransition: 0
  smoothDuration: 0.5
  useExternalHandle: 0
  paraemterChanged: 0
--- !u!114 &1829657671695014796 stripped
MonoBehaviour:
  m_CorrespondingSourceObject: {fileID: 4706762111077522832, guid: 50d766934b9e6424d83e2281e0a5f6a0,
    type: 3}
  m_PrefabInstance: {fileID: 6356259980621383196}
  m_PrefabAsset: {fileID: 0}
  m_GameObject: {fileID: 1829657671695014787}
  m_Enabled: 1
  m_EditorHideFlags: 0
  m_Script: {fileID: 11500000, guid: c99bf96ddb689874f910c5a5c0d6c88b, type: 3}
  m_Name: 
  m_EditorClassIdentifier: 
--- !u!114 &2227434505757681343 stripped
MonoBehaviour:
  m_CorrespondingSourceObject: {fileID: 5106122271976218787, guid: 50d766934b9e6424d83e2281e0a5f6a0,
    type: 3}
  m_PrefabInstance: {fileID: 6356259980621383196}
  m_PrefabAsset: {fileID: 0}
  m_GameObject: {fileID: 0}
  m_Enabled: 1
  m_EditorHideFlags: 0
  m_Script: {fileID: 11500000, guid: 61c74ce45e63ffa4ea704a8f4ff51373, type: 3}
  m_Name: 
  m_EditorClassIdentifier: 
--- !u!4 &2707826413719422816 stripped
Transform:
  m_CorrespondingSourceObject: {fileID: 9052755321286721916, guid: 50d766934b9e6424d83e2281e0a5f6a0,
    type: 3}
  m_PrefabInstance: {fileID: 6356259980621383196}
  m_PrefabAsset: {fileID: 0}
--- !u!114 &6639665541501010121 stripped
MonoBehaviour:
  m_CorrespondingSourceObject: {fileID: 293064272327067349, guid: 50d766934b9e6424d83e2281e0a5f6a0,
    type: 3}
  m_PrefabInstance: {fileID: 6356259980621383196}
  m_PrefabAsset: {fileID: 0}
  m_GameObject: {fileID: 0}
  m_Enabled: 1
  m_EditorHideFlags: 0
  m_Script: {fileID: 11500000, guid: 5e43b4b0f7d2b484fb0fe55ed74a8baa, type: 3}
  m_Name: 
  m_EditorClassIdentifier: 
--- !u!1001 &6356259982008507704
PrefabInstance:
  m_ObjectHideFlags: 0
  serializedVersion: 2
  m_Modification:
    m_TransformParent: {fileID: 6356259981071833482}
    m_Modifications:
    - target: {fileID: 224690044, guid: cd4641ccaa4f60c4f811940b2c0c8239, type: 3}
      propertyPath: m_IsActive
      value: 1
      objectReference: {fileID: 0}
    - target: {fileID: 339546627485786049, guid: cd4641ccaa4f60c4f811940b2c0c8239,
        type: 3}
      propertyPath: m_RootOrder
      value: 1
      objectReference: {fileID: 0}
    - target: {fileID: 339546627485786049, guid: cd4641ccaa4f60c4f811940b2c0c8239,
        type: 3}
      propertyPath: m_LocalPosition.x
      value: -327
      objectReference: {fileID: 0}
    - target: {fileID: 339546627485786049, guid: cd4641ccaa4f60c4f811940b2c0c8239,
        type: 3}
      propertyPath: m_LocalPosition.y
      value: 114
      objectReference: {fileID: 0}
    - target: {fileID: 339546627485786049, guid: cd4641ccaa4f60c4f811940b2c0c8239,
        type: 3}
      propertyPath: m_LocalPosition.z
      value: 0
      objectReference: {fileID: 0}
    - target: {fileID: 339546627485786049, guid: cd4641ccaa4f60c4f811940b2c0c8239,
        type: 3}
      propertyPath: m_LocalRotation.w
      value: -0.04126057
      objectReference: {fileID: 0}
    - target: {fileID: 339546627485786049, guid: cd4641ccaa4f60c4f811940b2c0c8239,
        type: 3}
      propertyPath: m_LocalRotation.x
      value: -0
      objectReference: {fileID: 0}
    - target: {fileID: 339546627485786049, guid: cd4641ccaa4f60c4f811940b2c0c8239,
        type: 3}
      propertyPath: m_LocalRotation.y
      value: -0.9991484
      objectReference: {fileID: 0}
    - target: {fileID: 339546627485786049, guid: cd4641ccaa4f60c4f811940b2c0c8239,
        type: 3}
      propertyPath: m_LocalRotation.z
      value: -0
      objectReference: {fileID: 0}
    - target: {fileID: 339546627485786049, guid: cd4641ccaa4f60c4f811940b2c0c8239,
        type: 3}
      propertyPath: m_LocalEulerAnglesHint.x
      value: 0
      objectReference: {fileID: 0}
    - target: {fileID: 339546627485786049, guid: cd4641ccaa4f60c4f811940b2c0c8239,
        type: 3}
      propertyPath: m_LocalEulerAnglesHint.y
      value: -184.729
      objectReference: {fileID: 0}
    - target: {fileID: 339546627485786049, guid: cd4641ccaa4f60c4f811940b2c0c8239,
        type: 3}
      propertyPath: m_LocalEulerAnglesHint.z
      value: 0
      objectReference: {fileID: 0}
    - target: {fileID: 1013821504167744864, guid: cd4641ccaa4f60c4f811940b2c0c8239,
        type: 3}
      propertyPath: offset.y
      value: 6.5
      objectReference: {fileID: 0}
    - target: {fileID: 1152252414356129147, guid: cd4641ccaa4f60c4f811940b2c0c8239,
        type: 3}
      propertyPath: m_Name
      value: PolypKillEnemyChallenge
      objectReference: {fileID: 0}
    - target: {fileID: 1152252414356129147, guid: cd4641ccaa4f60c4f811940b2c0c8239,
        type: 3}
      propertyPath: m_IsActive
      value: 1
      objectReference: {fileID: 0}
    - target: {fileID: 2663319854383172843, guid: cd4641ccaa4f60c4f811940b2c0c8239,
        type: 3}
      propertyPath: m_IsActive
      value: 1
      objectReference: {fileID: 0}
    - target: {fileID: 3521334827811252945, guid: cd4641ccaa4f60c4f811940b2c0c8239,
        type: 3}
      propertyPath: m_IsActive
      value: 1
      objectReference: {fileID: 0}
    - target: {fileID: 5094097759595343931, guid: cd4641ccaa4f60c4f811940b2c0c8239,
        type: 3}
      propertyPath: m_IsActive
      value: 1
      objectReference: {fileID: 0}
    - target: {fileID: 5282928853640652986, guid: cd4641ccaa4f60c4f811940b2c0c8239,
        type: 3}
      propertyPath: m_IsActive
      value: 1
      objectReference: {fileID: 0}
    - target: {fileID: 5571762154913446964, guid: cd4641ccaa4f60c4f811940b2c0c8239,
        type: 3}
      propertyPath: m_IsActive
      value: 1
      objectReference: {fileID: 0}
    - target: {fileID: 6079785280320117846, guid: cd4641ccaa4f60c4f811940b2c0c8239,
        type: 3}
      propertyPath: m_IsActive
      value: 1
      objectReference: {fileID: 0}
    - target: {fileID: 6202067218035159950, guid: cd4641ccaa4f60c4f811940b2c0c8239,
        type: 3}
      propertyPath: Data
      value: 
      objectReference: {fileID: 11400000, guid: 3de1796be92308547baab55ef4085684,
        type: 2}
    - target: {fileID: 6202067218035159950, guid: cd4641ccaa4f60c4f811940b2c0c8239,
        type: 3}
      propertyPath: data
      value: 
      objectReference: {fileID: 11400000, guid: 3de1796be92308547baab55ef4085684,
        type: 2}
    - target: {fileID: 6202067218035159950, guid: cd4641ccaa4f60c4f811940b2c0c8239,
        type: 3}
      propertyPath: collectSFX
      value: 
      objectReference: {fileID: 2153671566264311971}
    - target: {fileID: 6202067218035159950, guid: cd4641ccaa4f60c4f811940b2c0c8239,
        type: 3}
      propertyPath: followScale.x
      value: 2.5
      objectReference: {fileID: 0}
    - target: {fileID: 6202067218035159950, guid: cd4641ccaa4f60c4f811940b2c0c8239,
        type: 3}
      propertyPath: followScale.y
      value: 2.5
      objectReference: {fileID: 0}
    - target: {fileID: 6202067218035159950, guid: cd4641ccaa4f60c4f811940b2c0c8239,
        type: 3}
      propertyPath: followScale.z
      value: 2.5
      objectReference: {fileID: 0}
    - target: {fileID: 6202067218035159950, guid: cd4641ccaa4f60c4f811940b2c0c8239,
        type: 3}
      propertyPath: scaleDuration
      value: 0.75
      objectReference: {fileID: 0}
    - target: {fileID: 6475859062805427645, guid: cd4641ccaa4f60c4f811940b2c0c8239,
        type: 3}
      propertyPath: m_IsActive
      value: 1
      objectReference: {fileID: 0}
    - target: {fileID: 7174799053450805282, guid: cd4641ccaa4f60c4f811940b2c0c8239,
        type: 3}
      propertyPath: m_IsActive
      value: 1
      objectReference: {fileID: 0}
    - target: {fileID: 8163172354039399928, guid: cd4641ccaa4f60c4f811940b2c0c8239,
        type: 3}
      propertyPath: followSpeed
      value: 3
      objectReference: {fileID: 0}
    - target: {fileID: 8163172354039399928, guid: cd4641ccaa4f60c4f811940b2c0c8239,
        type: 3}
      propertyPath: sideDirection
      value: 0
      objectReference: {fileID: 0}
    - target: {fileID: 8163172354039399928, guid: cd4641ccaa4f60c4f811940b2c0c8239,
        type: 3}
      propertyPath: distanceToFollow
      value: 3.5
      objectReference: {fileID: 0}
    - target: {fileID: 8163172354039399928, guid: cd4641ccaa4f60c4f811940b2c0c8239,
        type: 3}
      propertyPath: offsetDirection.x
      value: -1.25
      objectReference: {fileID: 0}
    - target: {fileID: 8163172354039399928, guid: cd4641ccaa4f60c4f811940b2c0c8239,
        type: 3}
      propertyPath: offsetDirection.y
      value: -0.5
      objectReference: {fileID: 0}
    - target: {fileID: 8434119831028734690, guid: cd4641ccaa4f60c4f811940b2c0c8239,
        type: 3}
      propertyPath: m_IsActive
      value: 1
      objectReference: {fileID: 0}
    - target: {fileID: 8760093815030604990, guid: cd4641ccaa4f60c4f811940b2c0c8239,
        type: 3}
      propertyPath: m_IsActive
      value: 1
      objectReference: {fileID: 0}
    m_RemovedComponents: []
  m_SourcePrefab: {fileID: 100100000, guid: cd4641ccaa4f60c4f811940b2c0c8239, type: 3}
--- !u!114 &1020016389675642550 stripped
MonoBehaviour:
  m_CorrespondingSourceObject: {fileID: 6202067218035159950, guid: cd4641ccaa4f60c4f811940b2c0c8239,
    type: 3}
  m_PrefabInstance: {fileID: 6356259982008507704}
  m_PrefabAsset: {fileID: 0}
  m_GameObject: {fileID: 0}
  m_Enabled: 1
  m_EditorHideFlags: 0
  m_Script: {fileID: 11500000, guid: ab010ec09444a8b4698b2566e358a4ff, type: 3}
  m_Name: 
  m_EditorClassIdentifier: 
--- !u!4 &6666373208693605113 stripped
Transform:
  m_CorrespondingSourceObject: {fileID: 339546627485786049, guid: cd4641ccaa4f60c4f811940b2c0c8239,
    type: 3}
  m_PrefabInstance: {fileID: 6356259982008507704}
  m_PrefabAsset: {fileID: 0}
