%YAML 1.1
%TAG !u! tag:unity3d.com,2011:
--- !u!1 &3241020715824639516
GameObject:
  m_ObjectHideFlags: 0
  m_CorrespondingSourceObject: {fileID: 0}
  m_PrefabInstance: {fileID: 0}
  m_PrefabAsset: {fileID: 0}
  serializedVersion: 6
  m_Component:
  - component: {fileID: 5833797151221836231}
  - component: {fileID: 6133881352096641062}
  m_Layer: 6
  m_Name: DropSFX
  m_TagString: Untagged
  m_Icon: {fileID: 0}
  m_NavMeshLayer: 0
  m_StaticEditorFlags: 2147483647
  m_IsActive: 1
--- !u!4 &5833797151221836231
Transform:
  m_ObjectHideFlags: 0
  m_CorrespondingSourceObject: {fileID: 0}
  m_PrefabInstance: {fileID: 0}
  m_PrefabAsset: {fileID: 0}
  m_GameObject: {fileID: 3241020715824639516}
  m_LocalRotation: {x: -0, y: -0, z: -0, w: 1}
  m_LocalPosition: {x: 8.1, y: -10, z: -48.299995}
  m_LocalScale: {x: 1, y: 1, z: 1}
  m_ConstrainProportionsScale: 0
  m_Children: []
  m_Father: {fileID: 8531018910428211946}
  m_RootOrder: 1
  m_LocalEulerAnglesHint: {x: 0, y: 0, z: 0}
--- !u!114 &6133881352096641062
MonoBehaviour:
  m_ObjectHideFlags: 0
  m_CorrespondingSourceObject: {fileID: 0}
  m_PrefabInstance: {fileID: 0}
  m_PrefabAsset: {fileID: 0}
  m_GameObject: {fileID: 3241020715824639516}
  m_Enabled: 1
  m_EditorHideFlags: 0
  m_Script: {fileID: 11500000, guid: 9a6610d2e704f1648819acc8d7460285, type: 3}
  m_Name: 
  m_EditorClassIdentifier: 
  CollisionTag: 
  EventReference:
    Guid:
      Data1: -2000078089
      Data2: 1237969230
      Data3: -1084518259
      Data4: -871657135
    Path: event:/SFX/Collectibles/Collect Random Ball
  Event: 
  PlayEvent: 0
  StopEvent: 0
  AllowFadeout: 1
  TriggerOnce: 0
  Preload: 0
  Params: []
  OverrideAttenuation: 0
  OverrideMinDistance: 1
  OverrideMaxDistance: 20
--- !u!1 &8531018910039038694
GameObject:
  m_ObjectHideFlags: 0
  m_CorrespondingSourceObject: {fileID: 0}
  m_PrefabInstance: {fileID: 0}
  m_PrefabAsset: {fileID: 0}
  serializedVersion: 6
  m_Component:
  - component: {fileID: 8531018910039038693}
  m_Layer: 6
  m_Name: TargetDrop
  m_TagString: Untagged
  m_Icon: {fileID: 0}
  m_NavMeshLayer: 0
  m_StaticEditorFlags: 2147483647
  m_IsActive: 1
--- !u!4 &8531018910039038693
Transform:
  m_ObjectHideFlags: 0
  m_CorrespondingSourceObject: {fileID: 0}
  m_PrefabInstance: {fileID: 0}
  m_PrefabAsset: {fileID: 0}
  m_GameObject: {fileID: 8531018910039038694}
  m_LocalRotation: {x: 0, y: 0, z: 0, w: 1}
  m_LocalPosition: {x: 0, y: 6.0997467, z: 0}
  m_LocalScale: {x: 1, y: 1, z: 1}
  m_ConstrainProportionsScale: 0
  m_Children: []
  m_Father: {fileID: 8531018910428211946}
  m_RootOrder: 0
  m_LocalEulerAnglesHint: {x: 0, y: 0, z: 0}
--- !u!1 &8531018910428211991
GameObject:
  m_ObjectHideFlags: 0
  m_CorrespondingSourceObject: {fileID: 0}
  m_PrefabInstance: {fileID: 0}
  m_PrefabAsset: {fileID: 0}
  serializedVersion: 6
  m_Component:
  - component: {fileID: 8531018910428211946}
  - component: {fileID: 967879039456065718}
  - component: {fileID: 8531018910428211947}
  - component: {fileID: 6118673064948184317}
  m_Layer: 6
  m_Name: DropTick
  m_TagString: Untagged
  m_Icon: {fileID: 0}
  m_NavMeshLayer: 0
  m_StaticEditorFlags: 2147483647
  m_IsActive: 1
--- !u!4 &8531018910428211946
Transform:
  m_ObjectHideFlags: 0
  m_CorrespondingSourceObject: {fileID: 0}
  m_PrefabInstance: {fileID: 0}
  m_PrefabAsset: {fileID: 0}
  m_GameObject: {fileID: 8531018910428211991}
  m_LocalRotation: {x: 0, y: 0, z: 0, w: 1}
  m_LocalPosition: {x: 20.796062, y: -5.213913, z: 70.54927}
  m_LocalScale: {x: 5.416292, y: 3.3138938, z: 5.416293}
  m_ConstrainProportionsScale: 0
  m_Children:
  - {fileID: 8531018910039038693}
  - {fileID: 5833797151221836231}
  - {fileID: 1148826467369551727}
  m_Father: {fileID: 0}
  m_RootOrder: 0
  m_LocalEulerAnglesHint: {x: 0, y: 0, z: 0}
--- !u!114 &967879039456065718
MonoBehaviour:
  m_ObjectHideFlags: 0
  m_CorrespondingSourceObject: {fileID: 0}
  m_PrefabInstance: {fileID: 0}
  m_PrefabAsset: {fileID: 0}
  m_GameObject: {fileID: 8531018910428211991}
  m_Enabled: 1
  m_EditorHideFlags: 0
  m_Script: {fileID: 11500000, guid: ec8b53d25a38c2e45a34d8c415c06d43, type: 3}
  m_Name: 
  m_EditorClassIdentifier: 
  dropObjects: {fileID: 8531018910428211947}
  dropObjectCooldown: 10
--- !u!114 &8531018910428211947
MonoBehaviour:
  m_ObjectHideFlags: 0
  m_CorrespondingSourceObject: {fileID: 0}
  m_PrefabInstance: {fileID: 0}
  m_PrefabAsset: {fileID: 0}
  m_GameObject: {fileID: 8531018910428211991}
  m_Enabled: 1
  m_EditorHideFlags: 0
  m_Script: {fileID: 11500000, guid: 8568d462a356fda458f61ce92c459e81, type: 3}
  m_Name: 
  m_EditorClassIdentifier: 
  dropObjectPrefabs:
  - {fileID: 1592440652019651198, guid: 5a7eb94a4b978264eb09cdbb76363872, type: 3}
  - {fileID: 7083475303119813537, guid: 757fe9b1f7f9a9646b4cb67bba414d84, type: 3}
  targetObjectTransform: {fileID: 8531018910039038693}
  randomAreaSize: 2
  showTargueGuidArea: 1
  offsetGuide: {x: 0, y: 0, z: 0}
  dropSFX: {fileID: 6133881352096641062}
  dropEvent:
    m_PersistentCalls:
      m_Calls: []
--- !u!64 &6118673064948184317
MeshCollider:
  m_ObjectHideFlags: 0
  m_CorrespondingSourceObject: {fileID: 0}
  m_PrefabInstance: {fileID: 0}
  m_PrefabAsset: {fileID: 0}
  m_GameObject: {fileID: 8531018910428211991}
  m_Material: {fileID: 0}
  m_IsTrigger: 0
  m_Enabled: 1
  serializedVersion: 4
  m_Convex: 0
  m_CookingOptions: 30
  m_Mesh: {fileID: -2567060883277468826, guid: 2f40a17f7a7c66948b9fbb075a58a5ca, type: 3}
--- !u!1001 &4417506940108772841
PrefabInstance:
  m_ObjectHideFlags: 0
  serializedVersion: 2
  m_Modification:
    m_TransformParent: {fileID: 8531018910428211946}
    m_Modifications:
    - target: {fileID: 480694760547824498, guid: f3421d1c539160747b4f4db777fee659,
        type: 3}
      propertyPath: m_Name
      value: CoralRigido_Venado2
      objectReference: {fileID: 0}
    - target: {fileID: 1439943548591281419, guid: f3421d1c539160747b4f4db777fee659,
        type: 3}
      propertyPath: m_Materials.Array.data[0]
      value: 
      objectReference: {fileID: 2100000, guid: 5dac6ed72e8559c40bf69756d75c55b4, type: 2}
    - target: {fileID: 3656730199122285190, guid: f3421d1c539160747b4f4db777fee659,
        type: 3}
      propertyPath: m_RootOrder
      value: 2
      objectReference: {fileID: 0}
    - target: {fileID: 3656730199122285190, guid: f3421d1c539160747b4f4db777fee659,
        type: 3}
      propertyPath: m_LocalPosition.x
      value: 0
      objectReference: {fileID: 0}
    - target: {fileID: 3656730199122285190, guid: f3421d1c539160747b4f4db777fee659,
        type: 3}
      propertyPath: m_LocalPosition.y
      value: 0
      objectReference: {fileID: 0}
    - target: {fileID: 3656730199122285190, guid: f3421d1c539160747b4f4db777fee659,
        type: 3}
      propertyPath: m_LocalPosition.z
      value: 0
      objectReference: {fileID: 0}
    - target: {fileID: 3656730199122285190, guid: f3421d1c539160747b4f4db777fee659,
        type: 3}
      propertyPath: m_LocalRotation.w
      value: 1
      objectReference: {fileID: 0}
    - target: {fileID: 3656730199122285190, guid: f3421d1c539160747b4f4db777fee659,
        type: 3}
      propertyPath: m_LocalRotation.x
      value: 0
      objectReference: {fileID: 0}
    - target: {fileID: 3656730199122285190, guid: f3421d1c539160747b4f4db777fee659,
        type: 3}
      propertyPath: m_LocalRotation.y
      value: 0
      objectReference: {fileID: 0}
    - target: {fileID: 3656730199122285190, guid: f3421d1c539160747b4f4db777fee659,
        type: 3}
      propertyPath: m_LocalRotation.z
      value: 0
      objectReference: {fileID: 0}
    - target: {fileID: 3656730199122285190, guid: f3421d1c539160747b4f4db777fee659,
        type: 3}
      propertyPath: m_LocalEulerAnglesHint.x
      value: 0
      objectReference: {fileID: 0}
    - target: {fileID: 3656730199122285190, guid: f3421d1c539160747b4f4db777fee659,
        type: 3}
      propertyPath: m_LocalEulerAnglesHint.y
      value: 0
      objectReference: {fileID: 0}
    - target: {fileID: 3656730199122285190, guid: f3421d1c539160747b4f4db777fee659,
        type: 3}
      propertyPath: m_LocalEulerAnglesHint.z
      value: 0
      objectReference: {fileID: 0}
    - target: {fileID: 4117928809976001581, guid: f3421d1c539160747b4f4db777fee659,
        type: 3}
      propertyPath: m_Materials.Array.data[0]
      value: 
      objectReference: {fileID: 2100000, guid: 5dac6ed72e8559c40bf69756d75c55b4, type: 2}
    - target: {fileID: 5940964265132873628, guid: f3421d1c539160747b4f4db777fee659,
        type: 3}
      propertyPath: m_Materials.Array.data[0]
      value: 
      objectReference: {fileID: 2100000, guid: 5dac6ed72e8559c40bf69756d75c55b4, type: 2}
    - target: {fileID: 9141375342766560245, guid: f3421d1c539160747b4f4db777fee659,
        type: 3}
      propertyPath: m_Materials.Array.data[0]
      value: 
      objectReference: {fileID: 2100000, guid: 5dac6ed72e8559c40bf69756d75c55b4, type: 2}
    m_RemovedComponents: []
  m_SourcePrefab: {fileID: 100100000, guid: f3421d1c539160747b4f4db777fee659, type: 3}
--- !u!4 &1148826467369551727 stripped
Transform:
  m_CorrespondingSourceObject: {fileID: 3656730199122285190, guid: f3421d1c539160747b4f4db777fee659,
    type: 3}
  m_PrefabInstance: {fileID: 4417506940108772841}
  m_PrefabAsset: {fileID: 0}
