%YAML 1.1
%TAG !u! tag:unity3d.com,2011:
--- !u!1 &654201846873322280
GameObject:
  m_ObjectHideFlags: 0
  m_CorrespondingSourceObject: {fileID: 0}
  m_PrefabInstance: {fileID: 0}
  m_PrefabAsset: {fileID: 0}
  serializedVersion: 6
  m_Component:
  - component: {fileID: 654201846873322281}
  - component: {fileID: 654201846873322286}
  m_Layer: 0
  m_Name: LookCameraTarget
  m_TagString: Untagged
  m_Icon: {fileID: 0}
  m_NavMeshLayer: 0
  m_StaticEditorFlags: 0
  m_IsActive: 1
--- !u!4 &654201846873322281
Transform:
  m_ObjectHideFlags: 0
  m_CorrespondingSourceObject: {fileID: 0}
  m_PrefabInstance: {fileID: 0}
  m_PrefabAsset: {fileID: 0}
  m_GameObject: {fileID: 654201846873322280}
  m_LocalRotation: {x: 0, y: 0, z: 0, w: 1}
  m_LocalPosition: {x: 0, y: 0, z: 0}
  m_LocalScale: {x: 1, y: 1, z: 1}
  m_ConstrainProportionsScale: 0
  m_Children:
  - {fileID: 654201846971587994}
  m_Father: {fileID: 654201847239610387}
  m_RootOrder: 2
  m_LocalEulerAnglesHint: {x: 0, y: 0, z: 0}
--- !u!114 &654201846873322286
MonoBehaviour:
  m_ObjectHideFlags: 0
  m_CorrespondingSourceObject: {fileID: 0}
  m_PrefabInstance: {fileID: 0}
  m_PrefabAsset: {fileID: 0}
  m_GameObject: {fileID: 654201846873322280}
  m_Enabled: 1
  m_EditorHideFlags: 0
  m_Script: {fileID: 11500000, guid: 3ce1dd74b1ed2e34aad2289ad9fe0aab, type: 3}
  m_Name: 
  m_EditorClassIdentifier: 
  inputAction: {fileID: 2410511457181552176, guid: ec17c8a8375bbfe409ce3d56be7e5ab3,
    type: 3}
  uiBackButtonPrompInfo: {fileID: 11400000, guid: 9e313c543e5be2e4e9cd54221ad37ca8,
    type: 2}
  decalCamera: {fileID: 654201846971587989}
  useFade: 1
--- !u!1 &654201846971587989
GameObject:
  m_ObjectHideFlags: 0
  m_CorrespondingSourceObject: {fileID: 0}
  m_PrefabInstance: {fileID: 0}
  m_PrefabAsset: {fileID: 0}
  serializedVersion: 6
  m_Component:
  - component: {fileID: 654201846971587994}
  - component: {fileID: 654201846971587993}
  - component: {fileID: 654201846971587992}
  - component: {fileID: 654201846971587995}
  m_Layer: 0
  m_Name: Camera
  m_TagString: Untagged
  m_Icon: {fileID: 0}
  m_NavMeshLayer: 0
  m_StaticEditorFlags: 0
  m_IsActive: 1
--- !u!4 &654201846971587994
Transform:
  m_ObjectHideFlags: 0
  m_CorrespondingSourceObject: {fileID: 0}
  m_PrefabInstance: {fileID: 0}
  m_PrefabAsset: {fileID: 0}
  m_GameObject: {fileID: 654201846971587989}
  m_LocalRotation: {x: 0.06541916, y: -0.649754, z: 0.1121909, w: 0.74896824}
  m_LocalPosition: {x: -119.41, y: 57.6, z: 60.22}
  m_LocalScale: {x: 1, y: 1, z: 1}
  m_ConstrainProportionsScale: 0
  m_Children: []
  m_Father: {fileID: 654201846873322281}
  m_RootOrder: 0
  m_LocalEulerAnglesHint: {x: 14.11, y: -81.277, z: 4.912}
--- !u!20 &654201846971587993
Camera:
  m_ObjectHideFlags: 0
  m_CorrespondingSourceObject: {fileID: 0}
  m_PrefabInstance: {fileID: 0}
  m_PrefabAsset: {fileID: 0}
  m_GameObject: {fileID: 654201846971587989}
  m_Enabled: 1
  serializedVersion: 2
  m_ClearFlags: 1
  m_BackGroundColor: {r: 0.19215687, g: 0.3019608, b: 0.4745098, a: 0}
  m_projectionMatrixMode: 1
  m_GateFitMode: 2
  m_FOVAxisMode: 0
  m_SensorSize: {x: 36, y: 24}
  m_LensShift: {x: 0, y: 0}
  m_FocalLength: 50
  m_NormalizedViewPortRect:
    serializedVersion: 2
    x: 0
    y: 0
    width: 1
    height: 1
  near clip plane: 0.3
  far clip plane: 150
  field of view: 60
  orthographic: 0
  orthographic size: 18
  m_Depth: 1
  m_CullingMask:
    serializedVersion: 2
    m_Bits: 2147483647
  m_RenderingPath: -1
  m_TargetTexture: {fileID: 0}
  m_TargetDisplay: 0
  m_TargetEye: 3
  m_HDR: 1
  m_AllowMSAA: 1
  m_AllowDynamicResolution: 0
  m_ForceIntoRT: 0
  m_OcclusionCulling: 0
  m_StereoConvergence: 10
  m_StereoSeparation: 0.022
--- !u!114 &654201846971587992
MonoBehaviour:
  m_ObjectHideFlags: 0
  m_CorrespondingSourceObject: {fileID: 0}
  m_PrefabInstance: {fileID: 0}
  m_PrefabAsset: {fileID: 0}
  m_GameObject: {fileID: 654201846971587989}
  m_Enabled: 1
  m_EditorHideFlags: 0
  m_Script: {fileID: 11500000, guid: a79441f348de89743a2939f4d699eac1, type: 3}
  m_Name: 
  m_EditorClassIdentifier: 
  m_RenderShadows: 1
  m_RequiresDepthTextureOption: 2
  m_RequiresOpaqueTextureOption: 2
  m_CameraType: 0
  m_Cameras: []
  m_RendererIndex: -1
  m_VolumeLayerMask:
    serializedVersion: 2
    m_Bits: 1
  m_VolumeTrigger: {fileID: 0}
  m_VolumeFrameworkUpdateModeOption: 2
  m_RenderPostProcessing: 1
  m_Antialiasing: 0
  m_AntialiasingQuality: 2
  m_StopNaN: 0
  m_Dithering: 0
  m_ClearDepth: 1
  m_AllowXRRendering: 1
  m_RequiresDepthTexture: 0
  m_RequiresColorTexture: 0
  m_Version: 2
--- !u!114 &654201846971587995
MonoBehaviour:
  m_ObjectHideFlags: 0
  m_CorrespondingSourceObject: {fileID: 0}
  m_PrefabInstance: {fileID: 0}
  m_PrefabAsset: {fileID: 0}
  m_GameObject: {fileID: 654201846971587989}
  m_Enabled: 1
  m_EditorHideFlags: 0
  m_Script: {fileID: 11500000, guid: 05f95526c73cad04a9ba330ab2e8b669, type: 3}
  m_Name: 
  m_EditorClassIdentifier: 
--- !u!1 &654201847239610386
GameObject:
  m_ObjectHideFlags: 0
  m_CorrespondingSourceObject: {fileID: 0}
  m_PrefabInstance: {fileID: 0}
  m_PrefabAsset: {fileID: 0}
  serializedVersion: 6
  m_Component:
  - component: {fileID: 654201847239610387}
  m_Layer: 0
  m_Name: CleanCoralChallenge
  m_TagString: Untagged
  m_Icon: {fileID: 0}
  m_NavMeshLayer: 0
  m_StaticEditorFlags: 0
  m_IsActive: 1
--- !u!4 &654201847239610387
Transform:
  m_ObjectHideFlags: 0
  m_CorrespondingSourceObject: {fileID: 0}
  m_PrefabInstance: {fileID: 0}
  m_PrefabAsset: {fileID: 0}
  m_GameObject: {fileID: 654201847239610386}
  m_LocalRotation: {x: 0, y: 0, z: 0, w: 1}
  m_LocalPosition: {x: 1700, y: 0, z: 1329}
  m_LocalScale: {x: 1, y: 1, z: 1}
  m_ConstrainProportionsScale: 0
  m_Children:
  - {fileID: 982487060772478813}
  - {fileID: 654201848377860551}
  - {fileID: 654201846873322281}
  - {fileID: 2846270250645648746}
  m_Father: {fileID: 0}
  m_RootOrder: 0
  m_LocalEulerAnglesHint: {x: 0, y: 0, z: 0}
--- !u!1 &654201848377860550
GameObject:
  m_ObjectHideFlags: 0
  m_CorrespondingSourceObject: {fileID: 0}
  m_PrefabInstance: {fileID: 0}
  m_PrefabAsset: {fileID: 0}
  serializedVersion: 6
  m_Component:
  - component: {fileID: 654201848377860551}
  - component: {fileID: 654201848377860548}
  m_Layer: 0
  m_Name: CleanChallenge
  m_TagString: Untagged
  m_Icon: {fileID: 0}
  m_NavMeshLayer: 0
  m_StaticEditorFlags: 0
  m_IsActive: 1
--- !u!4 &654201848377860551
Transform:
  m_ObjectHideFlags: 0
  m_CorrespondingSourceObject: {fileID: 0}
  m_PrefabInstance: {fileID: 0}
  m_PrefabAsset: {fileID: 0}
  m_GameObject: {fileID: 654201848377860550}
  m_LocalRotation: {x: 0, y: 0, z: 0, w: 1}
  m_LocalPosition: {x: 0, y: 0, z: 0}
  m_LocalScale: {x: 1, y: 1, z: 1}
  m_ConstrainProportionsScale: 0
  m_Children:
  - {fileID: 1144564887689570577}
  - {fileID: 8746600386180998930}
  - {fileID: 1074137385398187987}
  - {fileID: 3197860819719980438}
  - {fileID: 7436000599740344933}
  m_Father: {fileID: 654201847239610387}
  m_RootOrder: 1
  m_LocalEulerAnglesHint: {x: 0, y: 0, z: 0}
--- !u!114 &654201848377860548
MonoBehaviour:
  m_ObjectHideFlags: 0
  m_CorrespondingSourceObject: {fileID: 0}
  m_PrefabInstance: {fileID: 0}
  m_PrefabAsset: {fileID: 0}
  m_GameObject: {fileID: 654201848377860550}
  m_Enabled: 1
  m_EditorHideFlags: 0
  m_Script: {fileID: 11500000, guid: 43d99bbc79e4d0346bafbc33aac61be6, type: 3}
  m_Name: 
  m_EditorClassIdentifier: 
  polyp: {fileID: 6847189262449685266}
  challengeCompleted:
    m_PersistentCalls:
      m_Calls: []
  doKinematic: 0
  kinematic: {fileID: 0}
  useUI: 1
  challengeData: {fileID: 0}
  activeExternal: 0
  showUI: {fileID: 1744484794687804516}
  unlockAbility: 0
  abilityToUnlock:
    playerAbilities: {fileID: 0}
    <Ability>k__BackingField: {fileID: 0}
    effect: {fileID: 0}
    islocked: 0
  abilityData: {fileID: 0}
  layerData: {fileID: 11400000, guid: d90667e38f692854f871a6ece5614e19, type: 2}
  completeChallengeSFX: {fileID: 0}
  jailMaterialPropiety:
  - {fileID: 654201848348672170}
  - {fileID: 654201848348672168}
  - {fileID: 654201848348672171}
  - {fileID: 654201848348672165}
  fixedPowValue: 0.75
  lookTargetCamera: {fileID: 654201846873322286}
--- !u!1 &2459371844739870341
GameObject:
  m_ObjectHideFlags: 0
  m_CorrespondingSourceObject: {fileID: 0}
  m_PrefabInstance: {fileID: 0}
  m_PrefabAsset: {fileID: 0}
  serializedVersion: 6
  m_Component:
  - component: {fileID: 2846270250645648746}
  - component: {fileID: 5871409640491669081}
  - component: {fileID: 1744484794687804516}
  - component: {fileID: 2929335671853047906}
  - component: {fileID: 4461125978286369853}
  m_Layer: 0
  m_Name: ActiveUI
  m_TagString: Untagged
  m_Icon: {fileID: 0}
  m_NavMeshLayer: 0
  m_StaticEditorFlags: 0
  m_IsActive: 1
--- !u!4 &2846270250645648746
Transform:
  m_ObjectHideFlags: 0
  m_CorrespondingSourceObject: {fileID: 0}
  m_PrefabInstance: {fileID: 0}
  m_PrefabAsset: {fileID: 0}
  m_GameObject: {fileID: 2459371844739870341}
  m_LocalRotation: {x: 0, y: 0, z: 0, w: 1}
  m_LocalPosition: {x: -47.3, y: 47.9, z: 0}
  m_LocalScale: {x: 387.10913, y: 226.88351, z: 257.65625}
  m_ConstrainProportionsScale: 0
  m_Children: []
  m_Father: {fileID: 654201847239610387}
  m_RootOrder: 3
  m_LocalEulerAnglesHint: {x: 0, y: 0, z: 0}
--- !u!65 &5871409640491669081
BoxCollider:
  m_ObjectHideFlags: 0
  m_CorrespondingSourceObject: {fileID: 0}
  m_PrefabInstance: {fileID: 0}
  m_PrefabAsset: {fileID: 0}
  m_GameObject: {fileID: 2459371844739870341}
  m_Material: {fileID: 0}
  m_IsTrigger: 1
  m_Enabled: 1
  serializedVersion: 2
  m_Size: {x: 1, y: 1, z: 1}
  m_Center: {x: 0, y: 0, z: 0}
--- !u!114 &1744484794687804516
MonoBehaviour:
  m_ObjectHideFlags: 0
  m_CorrespondingSourceObject: {fileID: 0}
  m_PrefabInstance: {fileID: 0}
  m_PrefabAsset: {fileID: 0}
  m_GameObject: {fileID: 2459371844739870341}
  m_Enabled: 1
  m_EditorHideFlags: 0
  m_Script: {fileID: 11500000, guid: c99bf96ddb689874f910c5a5c0d6c88b, type: 3}
  m_Name: 
  m_EditorClassIdentifier: 
  Collider: {fileID: 5871409640491669081}
--- !u!114 &2929335671853047906
MonoBehaviour:
  m_ObjectHideFlags: 0
  m_CorrespondingSourceObject: {fileID: 0}
  m_PrefabInstance: {fileID: 0}
  m_PrefabAsset: {fileID: 0}
  m_GameObject: {fileID: 2459371844739870341}
  m_Enabled: 1
  m_EditorHideFlags: 0
  m_Script: {fileID: 11500000, guid: 4b52023370649574f99a3b38d7cb5f9e, type: 3}
  m_Name: 
  m_EditorClassIdentifier: 
  zoneTitlePrefab: {fileID: 5266467053831602529, guid: 2ecfb3f07c834124690719ead1a81aeb,
    type: 3}
  zoneName:
    FieldName: ChallengeText
    TextTable: {fileID: 0}
    TextColor: {r: 1, g: 0.5719801, b: 0, a: 1}
  duration: 2.75
--- !u!114 &4461125978286369853
MonoBehaviour:
  m_ObjectHideFlags: 0
  m_CorrespondingSourceObject: {fileID: 0}
  m_PrefabInstance: {fileID: 0}
  m_PrefabAsset: {fileID: 0}
  m_GameObject: {fileID: 2459371844739870341}
  m_Enabled: 1
  m_EditorHideFlags: 0
  m_Script: {fileID: 11500000, guid: 83baa4b09a83cea43857aad03d6b85b3, type: 3}
  m_Name: 
  m_EditorClassIdentifier: 
  enterEvent:
    m_PersistentCalls:
      m_Calls:
      - m_Target: {fileID: 2929335671853047906}
        m_TargetAssemblyTypeName: ShowZoneName, Assembly-CSharp
        m_MethodName: ShowUI
        m_Mode: 1
        m_Arguments:
          m_ObjectArgument: {fileID: 0}
          m_ObjectArgumentAssemblyTypeName: UnityEngine.Object, UnityEngine
          m_IntArgument: 0
          m_FloatArgument: 0
          m_StringArgument: 
          m_BoolArgument: 0
        m_CallState: 2
  exitEvent:
    m_PersistentCalls:
      m_Calls: []
  layerData: {fileID: 11400000, guid: d90667e38f692854f871a6ece5614e19, type: 2}
--- !u!1001 &654201846622004482
PrefabInstance:
  m_ObjectHideFlags: 0
  serializedVersion: 2
  m_Modification:
    m_TransformParent: {fileID: 654201848377860551}
    m_Modifications:
    - target: {fileID: 2501178983278327700, guid: b9d8dce4012685341a7f6df2682629a6,
        type: 3}
      propertyPath: customInstanceID
      value: -19176
      objectReference: {fileID: 0}
    - target: {fileID: 2501178983278327700, guid: b9d8dce4012685341a7f6df2682629a6,
        type: 3}
      propertyPath: particleMaterial
      value: 
      objectReference: {fileID: 0}
    - target: {fileID: 2501178983278327700, guid: b9d8dce4012685341a7f6df2682629a6,
        type: 3}
      propertyPath: meshEmitterNormalTexture
      value: 
      objectReference: {fileID: 0}
    - target: {fileID: 2501178983278327700, guid: b9d8dce4012685341a7f6df2682629a6,
        type: 3}
      propertyPath: particleData.metaBuffer_1
      value: 
      objectReference: {fileID: 0}
    - target: {fileID: 2501178983278327700, guid: b9d8dce4012685341a7f6df2682629a6,
        type: 3}
      propertyPath: particleData.metaBuffer_2
      value: 
      objectReference: {fileID: 0}
    - target: {fileID: 2501178983278327700, guid: b9d8dce4012685341a7f6df2682629a6,
        type: 3}
      propertyPath: particleData.randomBuffer
      value: 
      objectReference: {fileID: 0}
    - target: {fileID: 2501178983278327700, guid: b9d8dce4012685341a7f6df2682629a6,
        type: 3}
      propertyPath: meshEmitterPositionTexture
      value: 
      objectReference: {fileID: 0}
    - target: {fileID: 2501178983278327700, guid: b9d8dce4012685341a7f6df2682629a6,
        type: 3}
      propertyPath: particleData.positionBuffer_1
      value: 
      objectReference: {fileID: 0}
    - target: {fileID: 2501178983278327700, guid: b9d8dce4012685341a7f6df2682629a6,
        type: 3}
      propertyPath: particleData.positionBuffer_2
      value: 
      objectReference: {fileID: 0}
    - target: {fileID: 2501178983278327700, guid: b9d8dce4012685341a7f6df2682629a6,
        type: 3}
      propertyPath: particleData.velocityBuffer_1
      value: 
      objectReference: {fileID: 0}
    - target: {fileID: 2501178983278327700, guid: b9d8dce4012685341a7f6df2682629a6,
        type: 3}
      propertyPath: particleData.velocityBuffer_2
      value: 
      objectReference: {fileID: 0}
    - target: {fileID: 2501178983278327700, guid: b9d8dce4012685341a7f6df2682629a6,
        type: 3}
      propertyPath: particleData.newParticleBuffer
      value: 
      objectReference: {fileID: 0}
    - target: {fileID: 8103694990918795792, guid: b9d8dce4012685341a7f6df2682629a6,
        type: 3}
      propertyPath: m_RootOrder
      value: 1
      objectReference: {fileID: 0}
    - target: {fileID: 8103694990918795792, guid: b9d8dce4012685341a7f6df2682629a6,
        type: 3}
      propertyPath: m_LocalScale.x
      value: 2.6619
      objectReference: {fileID: 0}
    - target: {fileID: 8103694990918795792, guid: b9d8dce4012685341a7f6df2682629a6,
        type: 3}
      propertyPath: m_LocalScale.y
      value: 2.6619
      objectReference: {fileID: 0}
    - target: {fileID: 8103694990918795792, guid: b9d8dce4012685341a7f6df2682629a6,
        type: 3}
      propertyPath: m_LocalScale.z
      value: 2.6619
      objectReference: {fileID: 0}
    - target: {fileID: 8103694990918795792, guid: b9d8dce4012685341a7f6df2682629a6,
        type: 3}
      propertyPath: m_LocalPosition.x
      value: 98.3
      objectReference: {fileID: 0}
    - target: {fileID: 8103694990918795792, guid: b9d8dce4012685341a7f6df2682629a6,
        type: 3}
      propertyPath: m_LocalPosition.y
      value: 55.8
      objectReference: {fileID: 0}
    - target: {fileID: 8103694990918795792, guid: b9d8dce4012685341a7f6df2682629a6,
        type: 3}
      propertyPath: m_LocalPosition.z
      value: 0
      objectReference: {fileID: 0}
    - target: {fileID: 8103694990918795792, guid: b9d8dce4012685341a7f6df2682629a6,
        type: 3}
      propertyPath: m_LocalRotation.w
      value: 1
      objectReference: {fileID: 0}
    - target: {fileID: 8103694990918795792, guid: b9d8dce4012685341a7f6df2682629a6,
        type: 3}
      propertyPath: m_LocalRotation.x
      value: -0
      objectReference: {fileID: 0}
    - target: {fileID: 8103694990918795792, guid: b9d8dce4012685341a7f6df2682629a6,
        type: 3}
      propertyPath: m_LocalRotation.y
      value: -0
      objectReference: {fileID: 0}
    - target: {fileID: 8103694990918795792, guid: b9d8dce4012685341a7f6df2682629a6,
        type: 3}
      propertyPath: m_LocalRotation.z
      value: -0
      objectReference: {fileID: 0}
    - target: {fileID: 8103694990918795792, guid: b9d8dce4012685341a7f6df2682629a6,
        type: 3}
      propertyPath: m_LocalEulerAnglesHint.x
      value: 0
      objectReference: {fileID: 0}
    - target: {fileID: 8103694990918795792, guid: b9d8dce4012685341a7f6df2682629a6,
        type: 3}
      propertyPath: m_LocalEulerAnglesHint.y
      value: 0
      objectReference: {fileID: 0}
    - target: {fileID: 8103694990918795792, guid: b9d8dce4012685341a7f6df2682629a6,
        type: 3}
      propertyPath: m_LocalEulerAnglesHint.z
      value: 0
      objectReference: {fileID: 0}
    - target: {fileID: 8103694990918795799, guid: b9d8dce4012685341a7f6df2682629a6,
        type: 3}
      propertyPath: m_Name
      value: EsponjaSuaveDirty__Arbol3 azul
      objectReference: {fileID: 0}
    m_RemovedComponents: []
  m_SourcePrefab: {fileID: 100100000, guid: b9d8dce4012685341a7f6df2682629a6, type: 3}
--- !u!4 &8746600386180998930 stripped
Transform:
  m_CorrespondingSourceObject: {fileID: 8103694990918795792, guid: b9d8dce4012685341a7f6df2682629a6,
    type: 3}
  m_PrefabInstance: {fileID: 654201846622004482}
  m_PrefabAsset: {fileID: 0}
--- !u!1001 &654201847218211327
PrefabInstance:
  m_ObjectHideFlags: 0
  serializedVersion: 2
  m_Modification:
    m_TransformParent: {fileID: 654201848377860551}
    m_Modifications:
    - target: {fileID: -7136142597067459576, guid: 75812b07f653d23419fd13c7e3fcd1fd,
        type: 3}
      propertyPath: oilMaterialProvider
      value: 
      objectReference: {fileID: 4875563006312261262}
    - target: {fileID: -7136142597067459576, guid: 75812b07f653d23419fd13c7e3fcd1fd,
        type: 3}
      propertyPath: setMaterialProvider
      value: 
      objectReference: {fileID: 5420329362869656371}
    - target: {fileID: -7136142597067459576, guid: 75812b07f653d23419fd13c7e3fcd1fd,
        type: 3}
      propertyPath: CoralCleaned.m_PersistentCalls.m_Calls.Array.size
      value: 1
      objectReference: {fileID: 0}
    - target: {fileID: -7136142597067459576, guid: 75812b07f653d23419fd13c7e3fcd1fd,
        type: 3}
      propertyPath: CoralCleaned.m_PersistentCalls.m_Calls.Array.data[0].m_Mode
      value: 6
      objectReference: {fileID: 0}
    - target: {fileID: -7136142597067459576, guid: 75812b07f653d23419fd13c7e3fcd1fd,
        type: 3}
      propertyPath: CoralCleaned.m_PersistentCalls.m_Calls.Array.data[0].m_Target
      value: 
      objectReference: {fileID: 5148557414994725082}
    - target: {fileID: -7136142597067459576, guid: 75812b07f653d23419fd13c7e3fcd1fd,
        type: 3}
      propertyPath: CoralCleaned.m_PersistentCalls.m_Calls.Array.data[0].m_CallState
      value: 2
      objectReference: {fileID: 0}
    - target: {fileID: -7136142597067459576, guid: 75812b07f653d23419fd13c7e3fcd1fd,
        type: 3}
      propertyPath: CoralCleaned.m_PersistentCalls.m_Calls.Array.data[0].m_MethodName
      value: SetActive
      objectReference: {fileID: 0}
    - target: {fileID: -7136142597067459576, guid: 75812b07f653d23419fd13c7e3fcd1fd,
        type: 3}
      propertyPath: CoralCleaned.m_PersistentCalls.m_Calls.Array.data[0].m_TargetAssemblyTypeName
      value: UnityEngine.GameObject, UnityEngine
      objectReference: {fileID: 0}
    - target: {fileID: -7136142597067459576, guid: 75812b07f653d23419fd13c7e3fcd1fd,
        type: 3}
      propertyPath: CoralCleaned.m_PersistentCalls.m_Calls.Array.data[0].m_Arguments.m_ObjectArgumentAssemblyTypeName
      value: UnityEngine.Object, UnityEngine
      objectReference: {fileID: 0}
    - target: {fileID: 501727697169785069, guid: 75812b07f653d23419fd13c7e3fcd1fd,
        type: 3}
      propertyPath: m_Name
      value: CoralSuaveDirty_Anemona4 blue
      objectReference: {fileID: 0}
    - target: {fileID: 501727697169785070, guid: 75812b07f653d23419fd13c7e3fcd1fd,
        type: 3}
      propertyPath: m_RootOrder
      value: 0
      objectReference: {fileID: 0}
    - target: {fileID: 501727697169785070, guid: 75812b07f653d23419fd13c7e3fcd1fd,
        type: 3}
      propertyPath: m_LocalScale.x
      value: 2.4059043
      objectReference: {fileID: 0}
    - target: {fileID: 501727697169785070, guid: 75812b07f653d23419fd13c7e3fcd1fd,
        type: 3}
      propertyPath: m_LocalScale.y
      value: 2.4059043
      objectReference: {fileID: 0}
    - target: {fileID: 501727697169785070, guid: 75812b07f653d23419fd13c7e3fcd1fd,
        type: 3}
      propertyPath: m_LocalScale.z
      value: 2.4059043
      objectReference: {fileID: 0}
    - target: {fileID: 501727697169785070, guid: 75812b07f653d23419fd13c7e3fcd1fd,
        type: 3}
      propertyPath: m_LocalPosition.x
      value: -143.2
      objectReference: {fileID: 0}
    - target: {fileID: 501727697169785070, guid: 75812b07f653d23419fd13c7e3fcd1fd,
        type: 3}
      propertyPath: m_LocalPosition.y
      value: 37.1
      objectReference: {fileID: 0}
    - target: {fileID: 501727697169785070, guid: 75812b07f653d23419fd13c7e3fcd1fd,
        type: 3}
      propertyPath: m_LocalPosition.z
      value: 0
      objectReference: {fileID: 0}
    - target: {fileID: 501727697169785070, guid: 75812b07f653d23419fd13c7e3fcd1fd,
        type: 3}
      propertyPath: m_LocalRotation.w
      value: 1
      objectReference: {fileID: 0}
    - target: {fileID: 501727697169785070, guid: 75812b07f653d23419fd13c7e3fcd1fd,
        type: 3}
      propertyPath: m_LocalRotation.x
      value: -0
      objectReference: {fileID: 0}
    - target: {fileID: 501727697169785070, guid: 75812b07f653d23419fd13c7e3fcd1fd,
        type: 3}
      propertyPath: m_LocalRotation.y
      value: -0
      objectReference: {fileID: 0}
    - target: {fileID: 501727697169785070, guid: 75812b07f653d23419fd13c7e3fcd1fd,
        type: 3}
      propertyPath: m_LocalRotation.z
      value: -0
      objectReference: {fileID: 0}
    - target: {fileID: 501727697169785070, guid: 75812b07f653d23419fd13c7e3fcd1fd,
        type: 3}
      propertyPath: m_LocalEulerAnglesHint.x
      value: 0
      objectReference: {fileID: 0}
    - target: {fileID: 501727697169785070, guid: 75812b07f653d23419fd13c7e3fcd1fd,
        type: 3}
      propertyPath: m_LocalEulerAnglesHint.y
      value: 0
      objectReference: {fileID: 0}
    - target: {fileID: 501727697169785070, guid: 75812b07f653d23419fd13c7e3fcd1fd,
        type: 3}
      propertyPath: m_LocalEulerAnglesHint.z
      value: 0
      objectReference: {fileID: 0}
    - target: {fileID: 5890938442124102563, guid: 75812b07f653d23419fd13c7e3fcd1fd,
        type: 3}
      propertyPath: customInstanceID
      value: -19116
      objectReference: {fileID: 0}
    - target: {fileID: 5890938442124102563, guid: 75812b07f653d23419fd13c7e3fcd1fd,
        type: 3}
      propertyPath: particleMaterial
      value: 
      objectReference: {fileID: 0}
    - target: {fileID: 5890938442124102563, guid: 75812b07f653d23419fd13c7e3fcd1fd,
        type: 3}
      propertyPath: meshEmitterNormalTexture
      value: 
      objectReference: {fileID: 0}
    - target: {fileID: 5890938442124102563, guid: 75812b07f653d23419fd13c7e3fcd1fd,
        type: 3}
      propertyPath: particleData.metaBuffer_1
      value: 
      objectReference: {fileID: 0}
    - target: {fileID: 5890938442124102563, guid: 75812b07f653d23419fd13c7e3fcd1fd,
        type: 3}
      propertyPath: particleData.metaBuffer_2
      value: 
      objectReference: {fileID: 0}
    - target: {fileID: 5890938442124102563, guid: 75812b07f653d23419fd13c7e3fcd1fd,
        type: 3}
      propertyPath: particleData.randomBuffer
      value: 
      objectReference: {fileID: 0}
    - target: {fileID: 5890938442124102563, guid: 75812b07f653d23419fd13c7e3fcd1fd,
        type: 3}
      propertyPath: meshEmitterPositionTexture
      value: 
      objectReference: {fileID: 0}
    - target: {fileID: 5890938442124102563, guid: 75812b07f653d23419fd13c7e3fcd1fd,
        type: 3}
      propertyPath: particleData.positionBuffer_1
      value: 
      objectReference: {fileID: 0}
    - target: {fileID: 5890938442124102563, guid: 75812b07f653d23419fd13c7e3fcd1fd,
        type: 3}
      propertyPath: particleData.positionBuffer_2
      value: 
      objectReference: {fileID: 0}
    - target: {fileID: 5890938442124102563, guid: 75812b07f653d23419fd13c7e3fcd1fd,
        type: 3}
      propertyPath: particleData.velocityBuffer_1
      value: 
      objectReference: {fileID: 0}
    - target: {fileID: 5890938442124102563, guid: 75812b07f653d23419fd13c7e3fcd1fd,
        type: 3}
      propertyPath: particleData.velocityBuffer_2
      value: 
      objectReference: {fileID: 0}
    - target: {fileID: 5890938442124102563, guid: 75812b07f653d23419fd13c7e3fcd1fd,
        type: 3}
      propertyPath: particleData.newParticleBuffer
      value: 
      objectReference: {fileID: 0}
    m_RemovedComponents: []
  m_SourcePrefab: {fileID: 100100000, guid: 75812b07f653d23419fd13c7e3fcd1fd, type: 3}
--- !u!4 &1144564887689570577 stripped
Transform:
  m_CorrespondingSourceObject: {fileID: 501727697169785070, guid: 75812b07f653d23419fd13c7e3fcd1fd,
    type: 3}
  m_PrefabInstance: {fileID: 654201847218211327}
  m_PrefabAsset: {fileID: 0}
--- !u!114 &4875563006312261262 stripped
MonoBehaviour:
  m_CorrespondingSourceObject: {fileID: 5385543904762244977, guid: 75812b07f653d23419fd13c7e3fcd1fd,
    type: 3}
  m_PrefabInstance: {fileID: 654201847218211327}
  m_PrefabAsset: {fileID: 0}
  m_GameObject: {fileID: 5148557414994725082}
  m_Enabled: 1
  m_EditorHideFlags: 0
  m_Script: {fileID: 11500000, guid: 962fee3d4cf4bdb4ba35f0eb6307400f, type: 3}
  m_Name: 
  m_EditorClassIdentifier: 
--- !u!1 &5148557414994725082 stripped
GameObject:
  m_CorrespondingSourceObject: {fileID: 5649599353970376997, guid: 75812b07f653d23419fd13c7e3fcd1fd,
    type: 3}
  m_PrefabInstance: {fileID: 654201847218211327}
  m_PrefabAsset: {fileID: 0}
--- !u!114 &5420329362869656371 stripped
MonoBehaviour:
  m_CorrespondingSourceObject: {fileID: 4768416777261519564, guid: 75812b07f653d23419fd13c7e3fcd1fd,
    type: 3}
  m_PrefabInstance: {fileID: 654201847218211327}
  m_PrefabAsset: {fileID: 0}
  m_GameObject: {fileID: 0}
  m_Enabled: 1
  m_EditorHideFlags: 0
  m_Script: {fileID: 11500000, guid: 962fee3d4cf4bdb4ba35f0eb6307400f, type: 3}
  m_Name: 
  m_EditorClassIdentifier: 
--- !u!1001 &654201847619337481
PrefabInstance:
  m_ObjectHideFlags: 0
  serializedVersion: 2
  m_Modification:
    m_TransformParent: {fileID: 654201848377860551}
    m_Modifications:
    - target: {fileID: 319910314148001546, guid: 7e9ebd9b27edfd745ad0401eecef7ce4,
        type: 3}
      propertyPath: m_StaticEditorFlags
      value: 0
      objectReference: {fileID: 0}
    - target: {fileID: 575382541874301657, guid: 7e9ebd9b27edfd745ad0401eecef7ce4,
        type: 3}
      propertyPath: m_Name
      value: EsponjaRigidoDirty_Esponja_Oreja_elefante3 (1)
      objectReference: {fileID: 0}
    - target: {fileID: 575382541874301658, guid: 7e9ebd9b27edfd745ad0401eecef7ce4,
        type: 3}
      propertyPath: m_RootOrder
      value: 2
      objectReference: {fileID: 0}
    - target: {fileID: 575382541874301658, guid: 7e9ebd9b27edfd745ad0401eecef7ce4,
        type: 3}
      propertyPath: m_LocalScale.x
      value: 2.368218
      objectReference: {fileID: 0}
    - target: {fileID: 575382541874301658, guid: 7e9ebd9b27edfd745ad0401eecef7ce4,
        type: 3}
      propertyPath: m_LocalScale.y
      value: 2.368218
      objectReference: {fileID: 0}
    - target: {fileID: 575382541874301658, guid: 7e9ebd9b27edfd745ad0401eecef7ce4,
        type: 3}
      propertyPath: m_LocalScale.z
      value: 2.368218
      objectReference: {fileID: 0}
    - target: {fileID: 575382541874301658, guid: 7e9ebd9b27edfd745ad0401eecef7ce4,
        type: 3}
      propertyPath: m_LocalPosition.x
      value: 29.2
      objectReference: {fileID: 0}
    - target: {fileID: 575382541874301658, guid: 7e9ebd9b27edfd745ad0401eecef7ce4,
        type: 3}
      propertyPath: m_LocalPosition.y
      value: 29.7
      objectReference: {fileID: 0}
    - target: {fileID: 575382541874301658, guid: 7e9ebd9b27edfd745ad0401eecef7ce4,
        type: 3}
      propertyPath: m_LocalPosition.z
      value: 0
      objectReference: {fileID: 0}
    - target: {fileID: 575382541874301658, guid: 7e9ebd9b27edfd745ad0401eecef7ce4,
        type: 3}
      propertyPath: m_LocalRotation.w
      value: 1
      objectReference: {fileID: 0}
    - target: {fileID: 575382541874301658, guid: 7e9ebd9b27edfd745ad0401eecef7ce4,
        type: 3}
      propertyPath: m_LocalRotation.x
      value: -0
      objectReference: {fileID: 0}
    - target: {fileID: 575382541874301658, guid: 7e9ebd9b27edfd745ad0401eecef7ce4,
        type: 3}
      propertyPath: m_LocalRotation.y
      value: -0
      objectReference: {fileID: 0}
    - target: {fileID: 575382541874301658, guid: 7e9ebd9b27edfd745ad0401eecef7ce4,
        type: 3}
      propertyPath: m_LocalRotation.z
      value: -0
      objectReference: {fileID: 0}
    - target: {fileID: 575382541874301658, guid: 7e9ebd9b27edfd745ad0401eecef7ce4,
        type: 3}
      propertyPath: m_LocalEulerAnglesHint.x
      value: 0
      objectReference: {fileID: 0}
    - target: {fileID: 575382541874301658, guid: 7e9ebd9b27edfd745ad0401eecef7ce4,
        type: 3}
      propertyPath: m_LocalEulerAnglesHint.y
      value: 0
      objectReference: {fileID: 0}
    - target: {fileID: 575382541874301658, guid: 7e9ebd9b27edfd745ad0401eecef7ce4,
        type: 3}
      propertyPath: m_LocalEulerAnglesHint.z
      value: 0
      objectReference: {fileID: 0}
    - target: {fileID: 2196054703177373950, guid: 7e9ebd9b27edfd745ad0401eecef7ce4,
        type: 3}
      propertyPath: m_Materials.Array.data[0]
      value: 
      objectReference: {fileID: 2100000, guid: f3bb294763c3f7b4095e65f861284667, type: 2}
    - target: {fileID: 3659860468496983820, guid: 7e9ebd9b27edfd745ad0401eecef7ce4,
        type: 3}
      propertyPath: m_Materials.Array.data[0]
      value: 
      objectReference: {fileID: 2100000, guid: f3bb294763c3f7b4095e65f861284667, type: 2}
    - target: {fileID: 5009557024300576257, guid: 7e9ebd9b27edfd745ad0401eecef7ce4,
        type: 3}
      propertyPath: m_StaticEditorFlags
      value: 0
      objectReference: {fileID: 0}
    - target: {fileID: 6207888316076541298, guid: 7e9ebd9b27edfd745ad0401eecef7ce4,
        type: 3}
      propertyPath: m_Materials.Array.data[0]
      value: 
      objectReference: {fileID: 2100000, guid: f3bb294763c3f7b4095e65f861284667, type: 2}
    - target: {fileID: 7219903556789564177, guid: 7e9ebd9b27edfd745ad0401eecef7ce4,
        type: 3}
      propertyPath: startSize.seed
      value: 0.4249168
      objectReference: {fileID: 0}
    - target: {fileID: 7219903556789564177, guid: 7e9ebd9b27edfd745ad0401eecef7ce4,
        type: 3}
      propertyPath: startSpeed.seed
      value: 0.07467854
      objectReference: {fileID: 0}
    - target: {fileID: 7219903556789564177, guid: 7e9ebd9b27edfd745ad0401eecef7ce4,
        type: 3}
      propertyPath: customInstanceID
      value: -19236
      objectReference: {fileID: 0}
    - target: {fileID: 7219903556789564177, guid: 7e9ebd9b27edfd745ad0401eecef7ce4,
        type: 3}
      propertyPath: particleMaterial
      value: 
      objectReference: {fileID: 0}
    - target: {fileID: 7219903556789564177, guid: 7e9ebd9b27edfd745ad0401eecef7ce4,
        type: 3}
      propertyPath: emissionRate.seed
      value: 0.29789776
      objectReference: {fileID: 0}
    - target: {fileID: 7219903556789564177, guid: 7e9ebd9b27edfd745ad0401eecef7ce4,
        type: 3}
      propertyPath: startLifetime.seed
      value: 0.2474587
      objectReference: {fileID: 0}
    - target: {fileID: 7219903556789564177, guid: 7e9ebd9b27edfd745ad0401eecef7ce4,
        type: 3}
      propertyPath: startRotation.seed
      value: 0.03466499
      objectReference: {fileID: 0}
    - target: {fileID: 7219903556789564177, guid: 7e9ebd9b27edfd745ad0401eecef7ce4,
        type: 3}
      propertyPath: sizeOverLifetime.seed
      value: 0.6681222
      objectReference: {fileID: 0}
    - target: {fileID: 7219903556789564177, guid: 7e9ebd9b27edfd745ad0401eecef7ce4,
        type: 3}
      propertyPath: colorOverLifetime.seed
      value: 0.5562317
      objectReference: {fileID: 0}
    - target: {fileID: 7219903556789564177, guid: 7e9ebd9b27edfd745ad0401eecef7ce4,
        type: 3}
      propertyPath: meshEmitterNormalTexture
      value: 
      objectReference: {fileID: 0}
    - target: {fileID: 7219903556789564177, guid: 7e9ebd9b27edfd745ad0401eecef7ce4,
        type: 3}
      propertyPath: particleData.metaBuffer_1
      value: 
      objectReference: {fileID: 0}
    - target: {fileID: 7219903556789564177, guid: 7e9ebd9b27edfd745ad0401eecef7ce4,
        type: 3}
      propertyPath: particleData.metaBuffer_2
      value: 
      objectReference: {fileID: 0}
    - target: {fileID: 7219903556789564177, guid: 7e9ebd9b27edfd745ad0401eecef7ce4,
        type: 3}
      propertyPath: particleData.randomBuffer
      value: 
      objectReference: {fileID: 0}
    - target: {fileID: 7219903556789564177, guid: 7e9ebd9b27edfd745ad0401eecef7ce4,
        type: 3}
      propertyPath: rotationOverLifetime.seed
      value: 0.75424933
      objectReference: {fileID: 0}
    - target: {fileID: 7219903556789564177, guid: 7e9ebd9b27edfd745ad0401eecef7ce4,
        type: 3}
      propertyPath: meshEmitterPositionTexture
      value: 
      objectReference: {fileID: 0}
    - target: {fileID: 7219903556789564177, guid: 7e9ebd9b27edfd745ad0401eecef7ce4,
        type: 3}
      propertyPath: particleData.positionBuffer_1
      value: 
      objectReference: {fileID: 0}
    - target: {fileID: 7219903556789564177, guid: 7e9ebd9b27edfd745ad0401eecef7ce4,
        type: 3}
      propertyPath: particleData.positionBuffer_2
      value: 
      objectReference: {fileID: 0}
    - target: {fileID: 7219903556789564177, guid: 7e9ebd9b27edfd745ad0401eecef7ce4,
        type: 3}
      propertyPath: particleData.velocityBuffer_1
      value: 
      objectReference: {fileID: 0}
    - target: {fileID: 7219903556789564177, guid: 7e9ebd9b27edfd745ad0401eecef7ce4,
        type: 3}
      propertyPath: particleData.velocityBuffer_2
      value: 
      objectReference: {fileID: 0}
    - target: {fileID: 7219903556789564177, guid: 7e9ebd9b27edfd745ad0401eecef7ce4,
        type: 3}
      propertyPath: particleData.newParticleBuffer
      value: 
      objectReference: {fileID: 0}
    - target: {fileID: 7668267946454512742, guid: 7e9ebd9b27edfd745ad0401eecef7ce4,
        type: 3}
      propertyPath: m_StaticEditorFlags
      value: 0
      objectReference: {fileID: 0}
    - target: {fileID: 8250792421475636753, guid: 7e9ebd9b27edfd745ad0401eecef7ce4,
        type: 3}
      propertyPath: m_StaticEditorFlags
      value: 0
      objectReference: {fileID: 0}
    m_RemovedComponents: []
  m_SourcePrefab: {fileID: 100100000, guid: 7e9ebd9b27edfd745ad0401eecef7ce4, type: 3}
--- !u!4 &1074137385398187987 stripped
Transform:
  m_CorrespondingSourceObject: {fileID: 575382541874301658, guid: 7e9ebd9b27edfd745ad0401eecef7ce4,
    type: 3}
  m_PrefabInstance: {fileID: 654201847619337481}
  m_PrefabAsset: {fileID: 0}
--- !u!1001 &654201848348672156
PrefabInstance:
  m_ObjectHideFlags: 0
  serializedVersion: 2
  m_Modification:
    m_TransformParent: {fileID: 654201847239610387}
    m_Modifications:
    - target: {fileID: 224690044, guid: cd4641ccaa4f60c4f811940b2c0c8239, type: 3}
      propertyPath: m_IsActive
      value: 1
      objectReference: {fileID: 0}
    - target: {fileID: 339546627485786049, guid: cd4641ccaa4f60c4f811940b2c0c8239,
        type: 3}
      propertyPath: m_RootOrder
      value: 0
      objectReference: {fileID: 0}
    - target: {fileID: 339546627485786049, guid: cd4641ccaa4f60c4f811940b2c0c8239,
        type: 3}
      propertyPath: m_LocalScale.x
      value: 5
      objectReference: {fileID: 0}
    - target: {fileID: 339546627485786049, guid: cd4641ccaa4f60c4f811940b2c0c8239,
        type: 3}
      propertyPath: m_LocalScale.y
      value: 5
      objectReference: {fileID: 0}
    - target: {fileID: 339546627485786049, guid: cd4641ccaa4f60c4f811940b2c0c8239,
        type: 3}
      propertyPath: m_LocalScale.z
      value: 5
      objectReference: {fileID: 0}
    - target: {fileID: 339546627485786049, guid: cd4641ccaa4f60c4f811940b2c0c8239,
        type: 3}
      propertyPath: m_LocalPosition.x
      value: -30.5
      objectReference: {fileID: 0}
    - target: {fileID: 339546627485786049, guid: cd4641ccaa4f60c4f811940b2c0c8239,
        type: 3}
      propertyPath: m_LocalPosition.y
      value: 102
      objectReference: {fileID: 0}
    - target: {fileID: 339546627485786049, guid: cd4641ccaa4f60c4f811940b2c0c8239,
        type: 3}
      propertyPath: m_LocalPosition.z
      value: 0
      objectReference: {fileID: 0}
    - target: {fileID: 339546627485786049, guid: cd4641ccaa4f60c4f811940b2c0c8239,
        type: 3}
      propertyPath: m_LocalRotation.w
      value: 0.7071068
      objectReference: {fileID: 0}
    - target: {fileID: 339546627485786049, guid: cd4641ccaa4f60c4f811940b2c0c8239,
        type: 3}
      propertyPath: m_LocalRotation.x
      value: 0
      objectReference: {fileID: 0}
    - target: {fileID: 339546627485786049, guid: cd4641ccaa4f60c4f811940b2c0c8239,
        type: 3}
      propertyPath: m_LocalRotation.y
      value: -0.7071068
      objectReference: {fileID: 0}
    - target: {fileID: 339546627485786049, guid: cd4641ccaa4f60c4f811940b2c0c8239,
        type: 3}
      propertyPath: m_LocalRotation.z
      value: 0
      objectReference: {fileID: 0}
    - target: {fileID: 339546627485786049, guid: cd4641ccaa4f60c4f811940b2c0c8239,
        type: 3}
      propertyPath: m_LocalEulerAnglesHint.x
      value: 0
      objectReference: {fileID: 0}
    - target: {fileID: 339546627485786049, guid: cd4641ccaa4f60c4f811940b2c0c8239,
        type: 3}
      propertyPath: m_LocalEulerAnglesHint.y
      value: -90
      objectReference: {fileID: 0}
    - target: {fileID: 339546627485786049, guid: cd4641ccaa4f60c4f811940b2c0c8239,
        type: 3}
      propertyPath: m_LocalEulerAnglesHint.z
      value: 0
      objectReference: {fileID: 0}
    - target: {fileID: 1152252414356129147, guid: cd4641ccaa4f60c4f811940b2c0c8239,
        type: 3}
      propertyPath: m_Name
      value: PolypCoralChallenge
      objectReference: {fileID: 0}
    - target: {fileID: 1152252414356129147, guid: cd4641ccaa4f60c4f811940b2c0c8239,
        type: 3}
      propertyPath: m_IsActive
      value: 1
      objectReference: {fileID: 0}
    - target: {fileID: 2663319854383172843, guid: cd4641ccaa4f60c4f811940b2c0c8239,
        type: 3}
      propertyPath: m_IsActive
      value: 1
      objectReference: {fileID: 0}
    - target: {fileID: 2663319854383172843, guid: cd4641ccaa4f60c4f811940b2c0c8239,
        type: 3}
      propertyPath: m_StaticEditorFlags
      value: 0
      objectReference: {fileID: 0}
    - target: {fileID: 3521334827811252945, guid: cd4641ccaa4f60c4f811940b2c0c8239,
        type: 3}
      propertyPath: m_IsActive
      value: 1
      objectReference: {fileID: 0}
    - target: {fileID: 3521334827811252945, guid: cd4641ccaa4f60c4f811940b2c0c8239,
        type: 3}
      propertyPath: m_StaticEditorFlags
      value: 0
      objectReference: {fileID: 0}
    - target: {fileID: 5094097759595343931, guid: cd4641ccaa4f60c4f811940b2c0c8239,
        type: 3}
      propertyPath: m_IsActive
      value: 1
      objectReference: {fileID: 0}
    - target: {fileID: 5282928853640652986, guid: cd4641ccaa4f60c4f811940b2c0c8239,
        type: 3}
      propertyPath: m_IsActive
      value: 1
      objectReference: {fileID: 0}
    - target: {fileID: 5282928853640652986, guid: cd4641ccaa4f60c4f811940b2c0c8239,
        type: 3}
      propertyPath: m_StaticEditorFlags
      value: 0
      objectReference: {fileID: 0}
    - target: {fileID: 5571762154913446964, guid: cd4641ccaa4f60c4f811940b2c0c8239,
        type: 3}
      propertyPath: m_IsActive
      value: 1
      objectReference: {fileID: 0}
    - target: {fileID: 5571762154913446964, guid: cd4641ccaa4f60c4f811940b2c0c8239,
        type: 3}
      propertyPath: m_StaticEditorFlags
      value: 0
      objectReference: {fileID: 0}
    - target: {fileID: 6079785280320117846, guid: cd4641ccaa4f60c4f811940b2c0c8239,
        type: 3}
      propertyPath: m_IsActive
      value: 1
      objectReference: {fileID: 0}
    - target: {fileID: 6202067218035159950, guid: cd4641ccaa4f60c4f811940b2c0c8239,
        type: 3}
      propertyPath: Data
      value: 
      objectReference: {fileID: 11400000, guid: 449fcda1234c56b428dca76acad668bd,
        type: 2}
    - target: {fileID: 6202067218035159950, guid: cd4641ccaa4f60c4f811940b2c0c8239,
        type: 3}
      propertyPath: jail
      value: 
      objectReference: {fileID: 4164275233988848205}
    - target: {fileID: 6202067218035159950, guid: cd4641ccaa4f60c4f811940b2c0c8239,
        type: 3}
      propertyPath: followScale.x
      value: 2.5
      objectReference: {fileID: 0}
    - target: {fileID: 6202067218035159950, guid: cd4641ccaa4f60c4f811940b2c0c8239,
        type: 3}
      propertyPath: followScale.y
      value: 2.5
      objectReference: {fileID: 0}
    - target: {fileID: 6202067218035159950, guid: cd4641ccaa4f60c4f811940b2c0c8239,
        type: 3}
      propertyPath: followScale.z
      value: 2.5
      objectReference: {fileID: 0}
    - target: {fileID: 6202067218035159950, guid: cd4641ccaa4f60c4f811940b2c0c8239,
        type: 3}
      propertyPath: scaleDuration
      value: 0.75
      objectReference: {fileID: 0}
    - target: {fileID: 6475859062805427645, guid: cd4641ccaa4f60c4f811940b2c0c8239,
        type: 3}
      propertyPath: m_IsActive
      value: 1
      objectReference: {fileID: 0}
    - target: {fileID: 7174799053450805282, guid: cd4641ccaa4f60c4f811940b2c0c8239,
        type: 3}
      propertyPath: m_IsActive
      value: 1
      objectReference: {fileID: 0}
    - target: {fileID: 8163172354039399928, guid: cd4641ccaa4f60c4f811940b2c0c8239,
        type: 3}
      propertyPath: followSpeed
      value: 3
      objectReference: {fileID: 0}
    - target: {fileID: 8163172354039399928, guid: cd4641ccaa4f60c4f811940b2c0c8239,
        type: 3}
      propertyPath: sideDirection
      value: -2.5
      objectReference: {fileID: 0}
    - target: {fileID: 8163172354039399928, guid: cd4641ccaa4f60c4f811940b2c0c8239,
        type: 3}
      propertyPath: distanceToFollow
      value: 3.5
      objectReference: {fileID: 0}
    - target: {fileID: 8434119831028734690, guid: cd4641ccaa4f60c4f811940b2c0c8239,
        type: 3}
      propertyPath: m_IsActive
      value: 1
      objectReference: {fileID: 0}
    - target: {fileID: 8434119831028734690, guid: cd4641ccaa4f60c4f811940b2c0c8239,
        type: 3}
      propertyPath: m_StaticEditorFlags
      value: 0
      objectReference: {fileID: 0}
    - target: {fileID: 8760093815030604990, guid: cd4641ccaa4f60c4f811940b2c0c8239,
        type: 3}
      propertyPath: m_IsActive
      value: 1
      objectReference: {fileID: 0}
    - target: {fileID: 8760093815030604990, guid: cd4641ccaa4f60c4f811940b2c0c8239,
        type: 3}
      propertyPath: m_StaticEditorFlags
      value: 0
      objectReference: {fileID: 0}
    m_RemovedComponents: []
  m_SourcePrefab: {fileID: 100100000, guid: cd4641ccaa4f60c4f811940b2c0c8239, type: 3}
--- !u!4 &982487060772478813 stripped
Transform:
  m_CorrespondingSourceObject: {fileID: 339546627485786049, guid: cd4641ccaa4f60c4f811940b2c0c8239,
    type: 3}
  m_PrefabInstance: {fileID: 654201848348672156}
  m_PrefabAsset: {fileID: 0}
--- !u!1 &3306260424042417271 stripped
GameObject:
  m_CorrespondingSourceObject: {fileID: 2663319854383172843, guid: cd4641ccaa4f60c4f811940b2c0c8239,
    type: 3}
  m_PrefabInstance: {fileID: 654201848348672156}
  m_PrefabAsset: {fileID: 0}
--- !u!114 &654201848348672165
MonoBehaviour:
  m_ObjectHideFlags: 0
  m_CorrespondingSourceObject: {fileID: 0}
  m_PrefabInstance: {fileID: 0}
  m_PrefabAsset: {fileID: 0}
  m_GameObject: {fileID: 3306260424042417271}
  m_Enabled: 1
  m_EditorHideFlags: 0
  m_Script: {fileID: 11500000, guid: 61beaffc4b85b814ebe765548438bdd4, type: 3}
  m_Name: 
  m_EditorClassIdentifier: 
  materialPropierty:
    renderer: {fileID: 8274629709494570759}
    instantiateMaterial: 1
    materialPropertyName: _Disolve
    materialPropertyStringType: Float
    SetNewValue: 0
    startIntValue: 0
    newIntValue: 0
    startFloatValue: 0.01
    newFloatValue: 1
    startColorValue: {r: 0, g: 0, b: 0, a: 0}
    newColorValue: {r: 0, g: 0, b: 0, a: 0}
    startVectorValue: {x: 0, y: 0, z: 0}
    newVectorValue: {x: 0, y: 0, z: 0}
    startTextureValue: {fileID: 0}
    newTextureValue: {fileID: 0}
    PropertyChanged: 1
  lerpValues: 1
  lerpVelocity: 0.25
  smoothTransition: 0
  transitionDuration: 0
  pingpong: 0
--- !u!1 &4164275233988848205 stripped
GameObject:
  m_CorrespondingSourceObject: {fileID: 3521334827811252945, guid: cd4641ccaa4f60c4f811940b2c0c8239,
    type: 3}
  m_PrefabInstance: {fileID: 654201848348672156}
  m_PrefabAsset: {fileID: 0}
--- !u!1 &4630978943620720678 stripped
GameObject:
  m_CorrespondingSourceObject: {fileID: 5282928853640652986, guid: cd4641ccaa4f60c4f811940b2c0c8239,
    type: 3}
  m_PrefabInstance: {fileID: 654201848348672156}
  m_PrefabAsset: {fileID: 0}
--- !u!114 &654201848348672168
MonoBehaviour:
  m_ObjectHideFlags: 0
  m_CorrespondingSourceObject: {fileID: 0}
  m_PrefabInstance: {fileID: 0}
  m_PrefabAsset: {fileID: 0}
  m_GameObject: {fileID: 4630978943620720678}
  m_Enabled: 1
  m_EditorHideFlags: 0
  m_Script: {fileID: 11500000, guid: 61beaffc4b85b814ebe765548438bdd4, type: 3}
  m_Name: 
  m_EditorClassIdentifier: 
  materialPropierty:
    renderer: {fileID: 7746141678528147521}
    instantiateMaterial: 1
    materialPropertyName: _Disolve
    materialPropertyStringType: Float
    SetNewValue: 0
    startIntValue: 0
    newIntValue: 0
    startFloatValue: 0.01
    newFloatValue: 1
    startColorValue: {r: 0, g: 0, b: 0, a: 0}
    newColorValue: {r: 0, g: 0, b: 0, a: 0}
    startVectorValue: {x: 0, y: 0, z: 0}
    newVectorValue: {x: 0, y: 0, z: 0}
    startTextureValue: {fileID: 0}
    newTextureValue: {fileID: 0}
    PropertyChanged: 1
  lerpValues: 1
  lerpVelocity: 0.25
  smoothTransition: 0
  transitionDuration: 0
  pingpong: 0
--- !u!1 &4919849671711440040 stripped
GameObject:
  m_CorrespondingSourceObject: {fileID: 5571762154913446964, guid: cd4641ccaa4f60c4f811940b2c0c8239,
    type: 3}
  m_PrefabInstance: {fileID: 654201848348672156}
  m_PrefabAsset: {fileID: 0}
--- !u!114 &654201848348672171
MonoBehaviour:
  m_ObjectHideFlags: 0
  m_CorrespondingSourceObject: {fileID: 0}
  m_PrefabInstance: {fileID: 0}
  m_PrefabAsset: {fileID: 0}
  m_GameObject: {fileID: 4919849671711440040}
  m_Enabled: 1
  m_EditorHideFlags: 0
  m_Script: {fileID: 11500000, guid: 61beaffc4b85b814ebe765548438bdd4, type: 3}
  m_Name: 
  m_EditorClassIdentifier: 
  materialPropierty:
    renderer: {fileID: 9201136677445774243}
    instantiateMaterial: 1
    materialPropertyName: _Disolve
    materialPropertyStringType: Float
    SetNewValue: 0
    startIntValue: 0
    newIntValue: 0
    startFloatValue: 0.01
    newFloatValue: 1
    startColorValue: {r: 0, g: 0, b: 0, a: 0}
    newColorValue: {r: 0, g: 0, b: 0, a: 0}
    startVectorValue: {x: 0, y: 0, z: 0}
    newVectorValue: {x: 0, y: 0, z: 0}
    startTextureValue: {fileID: 0}
    newTextureValue: {fileID: 0}
    PropertyChanged: 1
  lerpValues: 1
  lerpVelocity: 0.25
  smoothTransition: 0
  transitionDuration: 0
  pingpong: 0
--- !u!114 &6847189262449685266 stripped
MonoBehaviour:
  m_CorrespondingSourceObject: {fileID: 6202067218035159950, guid: cd4641ccaa4f60c4f811940b2c0c8239,
    type: 3}
  m_PrefabInstance: {fileID: 654201848348672156}
  m_PrefabAsset: {fileID: 0}
  m_GameObject: {fileID: 0}
  m_Enabled: 1
  m_EditorHideFlags: 0
  m_Script: {fileID: 11500000, guid: ab010ec09444a8b4698b2566e358a4ff, type: 3}
  m_Name: 
  m_EditorClassIdentifier: 
--- !u!23 &7272380110623544383 stripped
MeshRenderer:
  m_CorrespondingSourceObject: {fileID: 7924257487907132579, guid: cd4641ccaa4f60c4f811940b2c0c8239,
    type: 3}
  m_PrefabInstance: {fileID: 654201848348672156}
  m_PrefabAsset: {fileID: 0}
--- !u!23 &7746141678528147521 stripped
MeshRenderer:
  m_CorrespondingSourceObject: {fileID: 7092012510898729181, guid: cd4641ccaa4f60c4f811940b2c0c8239,
    type: 3}
  m_PrefabInstance: {fileID: 654201848348672156}
  m_PrefabAsset: {fileID: 0}
--- !u!23 &8274629709494570759 stripped
MeshRenderer:
  m_CorrespondingSourceObject: {fileID: 8917499980200759195, guid: cd4641ccaa4f60c4f811940b2c0c8239,
    type: 3}
  m_PrefabInstance: {fileID: 654201848348672156}
  m_PrefabAsset: {fileID: 0}
--- !u!1 &8941952385894423166 stripped
GameObject:
  m_CorrespondingSourceObject: {fileID: 8434119831028734690, guid: cd4641ccaa4f60c4f811940b2c0c8239,
    type: 3}
  m_PrefabInstance: {fileID: 654201848348672156}
  m_PrefabAsset: {fileID: 0}
--- !u!114 &654201848348672170
MonoBehaviour:
  m_ObjectHideFlags: 0
  m_CorrespondingSourceObject: {fileID: 0}
  m_PrefabInstance: {fileID: 0}
  m_PrefabAsset: {fileID: 0}
  m_GameObject: {fileID: 8941952385894423166}
  m_Enabled: 1
  m_EditorHideFlags: 0
  m_Script: {fileID: 11500000, guid: 61beaffc4b85b814ebe765548438bdd4, type: 3}
  m_Name: 
  m_EditorClassIdentifier: 
  materialPropierty:
    renderer: {fileID: 7272380110623544383}
    instantiateMaterial: 1
    materialPropertyName: _Disolve
    materialPropertyStringType: Float
    SetNewValue: 0
    startIntValue: 0
    newIntValue: 0
    startFloatValue: 0.01
    newFloatValue: 1
    startColorValue: {r: 0, g: 0, b: 0, a: 0}
    newColorValue: {r: 0, g: 0, b: 0, a: 0}
    startVectorValue: {x: 0, y: 0, z: 0}
    newVectorValue: {x: 0, y: 0, z: 0}
    startTextureValue: {fileID: 0}
    newTextureValue: {fileID: 0}
    PropertyChanged: 1
  lerpValues: 1
  lerpVelocity: 0.25
  smoothTransition: 0
  transitionDuration: 0
  pingpong: 0
--- !u!23 &9201136677445774243 stripped
MeshRenderer:
  m_CorrespondingSourceObject: {fileID: 8549292328391748415, guid: cd4641ccaa4f60c4f811940b2c0c8239,
    type: 3}
  m_PrefabInstance: {fileID: 654201848348672156}
  m_PrefabAsset: {fileID: 0}
--- !u!1001 &1677556284239292533
PrefabInstance:
  m_ObjectHideFlags: 0
  serializedVersion: 2
  m_Modification:
    m_TransformParent: {fileID: 654201848377860551}
    m_Modifications:
    - target: {fileID: 2501178983278327700, guid: b9d8dce4012685341a7f6df2682629a6,
        type: 3}
      propertyPath: startSize.seed
      value: 0.18455207
      objectReference: {fileID: 0}
    - target: {fileID: 2501178983278327700, guid: b9d8dce4012685341a7f6df2682629a6,
        type: 3}
      propertyPath: startSpeed.seed
      value: 0.49287385
      objectReference: {fileID: 0}
    - target: {fileID: 2501178983278327700, guid: b9d8dce4012685341a7f6df2682629a6,
        type: 3}
      propertyPath: customInstanceID
      value: -19356
      objectReference: {fileID: 0}
    - target: {fileID: 2501178983278327700, guid: b9d8dce4012685341a7f6df2682629a6,
        type: 3}
      propertyPath: particleMaterial
      value: 
      objectReference: {fileID: 0}
    - target: {fileID: 2501178983278327700, guid: b9d8dce4012685341a7f6df2682629a6,
        type: 3}
      propertyPath: emissionRate.seed
      value: 0.29583853
      objectReference: {fileID: 0}
    - target: {fileID: 2501178983278327700, guid: b9d8dce4012685341a7f6df2682629a6,
        type: 3}
      propertyPath: startLifetime.seed
      value: 0.8188753
      objectReference: {fileID: 0}
    - target: {fileID: 2501178983278327700, guid: b9d8dce4012685341a7f6df2682629a6,
        type: 3}
      propertyPath: startRotation.seed
      value: 0.20531237
      objectReference: {fileID: 0}
    - target: {fileID: 2501178983278327700, guid: b9d8dce4012685341a7f6df2682629a6,
        type: 3}
      propertyPath: sizeOverLifetime.seed
      value: 0.1652062
      objectReference: {fileID: 0}
    - target: {fileID: 2501178983278327700, guid: b9d8dce4012685341a7f6df2682629a6,
        type: 3}
      propertyPath: colorOverLifetime.seed
      value: 0.9995215
      objectReference: {fileID: 0}
    - target: {fileID: 2501178983278327700, guid: b9d8dce4012685341a7f6df2682629a6,
        type: 3}
      propertyPath: meshEmitterNormalTexture
      value: 
      objectReference: {fileID: 0}
    - target: {fileID: 2501178983278327700, guid: b9d8dce4012685341a7f6df2682629a6,
        type: 3}
      propertyPath: particleData.metaBuffer_1
      value: 
      objectReference: {fileID: 0}
    - target: {fileID: 2501178983278327700, guid: b9d8dce4012685341a7f6df2682629a6,
        type: 3}
      propertyPath: particleData.metaBuffer_2
      value: 
      objectReference: {fileID: 0}
    - target: {fileID: 2501178983278327700, guid: b9d8dce4012685341a7f6df2682629a6,
        type: 3}
      propertyPath: particleData.randomBuffer
      value: 
      objectReference: {fileID: 0}
    - target: {fileID: 2501178983278327700, guid: b9d8dce4012685341a7f6df2682629a6,
        type: 3}
      propertyPath: rotationOverLifetime.seed
      value: 0.41559798
      objectReference: {fileID: 0}
    - target: {fileID: 2501178983278327700, guid: b9d8dce4012685341a7f6df2682629a6,
        type: 3}
      propertyPath: meshEmitterPositionTexture
      value: 
      objectReference: {fileID: 0}
    - target: {fileID: 2501178983278327700, guid: b9d8dce4012685341a7f6df2682629a6,
        type: 3}
      propertyPath: particleData.positionBuffer_1
      value: 
      objectReference: {fileID: 0}
    - target: {fileID: 2501178983278327700, guid: b9d8dce4012685341a7f6df2682629a6,
        type: 3}
      propertyPath: particleData.positionBuffer_2
      value: 
      objectReference: {fileID: 0}
    - target: {fileID: 2501178983278327700, guid: b9d8dce4012685341a7f6df2682629a6,
        type: 3}
      propertyPath: particleData.velocityBuffer_1
      value: 
      objectReference: {fileID: 0}
    - target: {fileID: 2501178983278327700, guid: b9d8dce4012685341a7f6df2682629a6,
        type: 3}
      propertyPath: particleData.velocityBuffer_2
      value: 
      objectReference: {fileID: 0}
    - target: {fileID: 2501178983278327700, guid: b9d8dce4012685341a7f6df2682629a6,
        type: 3}
      propertyPath: particleData.newParticleBuffer
      value: 
      objectReference: {fileID: 0}
    - target: {fileID: 8103694990918795792, guid: b9d8dce4012685341a7f6df2682629a6,
        type: 3}
      propertyPath: m_RootOrder
      value: 4
      objectReference: {fileID: 0}
    - target: {fileID: 8103694990918795792, guid: b9d8dce4012685341a7f6df2682629a6,
        type: 3}
      propertyPath: m_LocalScale.x
      value: 2.873521
      objectReference: {fileID: 0}
    - target: {fileID: 8103694990918795792, guid: b9d8dce4012685341a7f6df2682629a6,
        type: 3}
      propertyPath: m_LocalScale.y
      value: 2.873521
      objectReference: {fileID: 0}
    - target: {fileID: 8103694990918795792, guid: b9d8dce4012685341a7f6df2682629a6,
        type: 3}
      propertyPath: m_LocalScale.z
      value: 2.873521
      objectReference: {fileID: 0}
    - target: {fileID: 8103694990918795792, guid: b9d8dce4012685341a7f6df2682629a6,
        type: 3}
      propertyPath: m_LocalPosition.x
      value: -93.3
      objectReference: {fileID: 0}
    - target: {fileID: 8103694990918795792, guid: b9d8dce4012685341a7f6df2682629a6,
        type: 3}
      propertyPath: m_LocalPosition.y
      value: 28.6
      objectReference: {fileID: 0}
    - target: {fileID: 8103694990918795792, guid: b9d8dce4012685341a7f6df2682629a6,
        type: 3}
      propertyPath: m_LocalPosition.z
      value: 0
      objectReference: {fileID: 0}
    - target: {fileID: 8103694990918795792, guid: b9d8dce4012685341a7f6df2682629a6,
        type: 3}
      propertyPath: m_LocalRotation.w
      value: 1
      objectReference: {fileID: 0}
    - target: {fileID: 8103694990918795792, guid: b9d8dce4012685341a7f6df2682629a6,
        type: 3}
      propertyPath: m_LocalRotation.x
      value: -0
      objectReference: {fileID: 0}
    - target: {fileID: 8103694990918795792, guid: b9d8dce4012685341a7f6df2682629a6,
        type: 3}
      propertyPath: m_LocalRotation.y
      value: -0
      objectReference: {fileID: 0}
    - target: {fileID: 8103694990918795792, guid: b9d8dce4012685341a7f6df2682629a6,
        type: 3}
      propertyPath: m_LocalRotation.z
      value: -0
      objectReference: {fileID: 0}
    - target: {fileID: 8103694990918795792, guid: b9d8dce4012685341a7f6df2682629a6,
        type: 3}
      propertyPath: m_LocalEulerAnglesHint.x
      value: 0
      objectReference: {fileID: 0}
    - target: {fileID: 8103694990918795792, guid: b9d8dce4012685341a7f6df2682629a6,
        type: 3}
      propertyPath: m_LocalEulerAnglesHint.y
      value: 0
      objectReference: {fileID: 0}
    - target: {fileID: 8103694990918795792, guid: b9d8dce4012685341a7f6df2682629a6,
        type: 3}
      propertyPath: m_LocalEulerAnglesHint.z
      value: 0
      objectReference: {fileID: 0}
    - target: {fileID: 8103694990918795799, guid: b9d8dce4012685341a7f6df2682629a6,
        type: 3}
      propertyPath: m_Name
      value: EsponjaSuaveDirty__Arbol3 azul (1)
      objectReference: {fileID: 0}
    m_RemovedComponents: []
  m_SourcePrefab: {fileID: 100100000, guid: b9d8dce4012685341a7f6df2682629a6, type: 3}
--- !u!4 &7436000599740344933 stripped
Transform:
  m_CorrespondingSourceObject: {fileID: 8103694990918795792, guid: b9d8dce4012685341a7f6df2682629a6,
    type: 3}
  m_PrefabInstance: {fileID: 1677556284239292533}
  m_PrefabAsset: {fileID: 0}
--- !u!1001 &3069040239340889464
PrefabInstance:
  m_ObjectHideFlags: 0
  serializedVersion: 2
  m_Modification:
    m_TransformParent: {fileID: 654201848377860551}
    m_Modifications:
    - target: {fileID: -7136142597067459576, guid: 75812b07f653d23419fd13c7e3fcd1fd,
        type: 3}
      propertyPath: oilMaterialProvider
      value: 
      objectReference: {fileID: 6929386657486768649}
    - target: {fileID: -7136142597067459576, guid: 75812b07f653d23419fd13c7e3fcd1fd,
        type: 3}
      propertyPath: setMaterialProvider
      value: 
      objectReference: {fileID: 7546830234958739380}
    - target: {fileID: -7136142597067459576, guid: 75812b07f653d23419fd13c7e3fcd1fd,
        type: 3}
      propertyPath: CoralCleaned.m_PersistentCalls.m_Calls.Array.size
      value: 1
      objectReference: {fileID: 0}
    - target: {fileID: -7136142597067459576, guid: 75812b07f653d23419fd13c7e3fcd1fd,
        type: 3}
      propertyPath: CoralCleaned.m_PersistentCalls.m_Calls.Array.data[0].m_Mode
      value: 6
      objectReference: {fileID: 0}
    - target: {fileID: -7136142597067459576, guid: 75812b07f653d23419fd13c7e3fcd1fd,
        type: 3}
      propertyPath: CoralCleaned.m_PersistentCalls.m_Calls.Array.data[0].m_Target
      value: 
      objectReference: {fileID: 7273317227903149149}
    - target: {fileID: -7136142597067459576, guid: 75812b07f653d23419fd13c7e3fcd1fd,
        type: 3}
      propertyPath: CoralCleaned.m_PersistentCalls.m_Calls.Array.data[0].m_CallState
      value: 2
      objectReference: {fileID: 0}
    - target: {fileID: -7136142597067459576, guid: 75812b07f653d23419fd13c7e3fcd1fd,
        type: 3}
      propertyPath: CoralCleaned.m_PersistentCalls.m_Calls.Array.data[0].m_MethodName
      value: SetActive
      objectReference: {fileID: 0}
    - target: {fileID: -7136142597067459576, guid: 75812b07f653d23419fd13c7e3fcd1fd,
        type: 3}
      propertyPath: CoralCleaned.m_PersistentCalls.m_Calls.Array.data[0].m_TargetAssemblyTypeName
      value: UnityEngine.GameObject, UnityEngine
      objectReference: {fileID: 0}
    - target: {fileID: -7136142597067459576, guid: 75812b07f653d23419fd13c7e3fcd1fd,
        type: 3}
      propertyPath: CoralCleaned.m_PersistentCalls.m_Calls.Array.data[0].m_Arguments.m_ObjectArgumentAssemblyTypeName
      value: UnityEngine.Object, UnityEngine
      objectReference: {fileID: 0}
    - target: {fileID: 501727697169785069, guid: 75812b07f653d23419fd13c7e3fcd1fd,
        type: 3}
      propertyPath: m_Name
      value: CoralSuaveDirty_Anemona4 blue (1)
      objectReference: {fileID: 0}
    - target: {fileID: 501727697169785070, guid: 75812b07f653d23419fd13c7e3fcd1fd,
        type: 3}
      propertyPath: m_RootOrder
      value: 3
      objectReference: {fileID: 0}
    - target: {fileID: 501727697169785070, guid: 75812b07f653d23419fd13c7e3fcd1fd,
        type: 3}
      propertyPath: m_LocalScale.x
      value: 2.4059043
      objectReference: {fileID: 0}
    - target: {fileID: 501727697169785070, guid: 75812b07f653d23419fd13c7e3fcd1fd,
        type: 3}
      propertyPath: m_LocalScale.y
      value: 2.4059043
      objectReference: {fileID: 0}
    - target: {fileID: 501727697169785070, guid: 75812b07f653d23419fd13c7e3fcd1fd,
        type: 3}
      propertyPath: m_LocalScale.z
      value: 2.4059043
      objectReference: {fileID: 0}
    - target: {fileID: 501727697169785070, guid: 75812b07f653d23419fd13c7e3fcd1fd,
        type: 3}
      propertyPath: m_LocalPosition.x
      value: -38.5
      objectReference: {fileID: 0}
    - target: {fileID: 501727697169785070, guid: 75812b07f653d23419fd13c7e3fcd1fd,
        type: 3}
      propertyPath: m_LocalPosition.y
      value: 12.8
      objectReference: {fileID: 0}
    - target: {fileID: 501727697169785070, guid: 75812b07f653d23419fd13c7e3fcd1fd,
        type: 3}
      propertyPath: m_LocalPosition.z
      value: 0
      objectReference: {fileID: 0}
    - target: {fileID: 501727697169785070, guid: 75812b07f653d23419fd13c7e3fcd1fd,
        type: 3}
      propertyPath: m_LocalRotation.w
      value: 1
      objectReference: {fileID: 0}
    - target: {fileID: 501727697169785070, guid: 75812b07f653d23419fd13c7e3fcd1fd,
        type: 3}
      propertyPath: m_LocalRotation.x
      value: -0
      objectReference: {fileID: 0}
    - target: {fileID: 501727697169785070, guid: 75812b07f653d23419fd13c7e3fcd1fd,
        type: 3}
      propertyPath: m_LocalRotation.y
      value: -0
      objectReference: {fileID: 0}
    - target: {fileID: 501727697169785070, guid: 75812b07f653d23419fd13c7e3fcd1fd,
        type: 3}
      propertyPath: m_LocalRotation.z
      value: -0
      objectReference: {fileID: 0}
    - target: {fileID: 501727697169785070, guid: 75812b07f653d23419fd13c7e3fcd1fd,
        type: 3}
      propertyPath: m_LocalEulerAnglesHint.x
      value: 0
      objectReference: {fileID: 0}
    - target: {fileID: 501727697169785070, guid: 75812b07f653d23419fd13c7e3fcd1fd,
        type: 3}
      propertyPath: m_LocalEulerAnglesHint.y
      value: 0
      objectReference: {fileID: 0}
    - target: {fileID: 501727697169785070, guid: 75812b07f653d23419fd13c7e3fcd1fd,
        type: 3}
      propertyPath: m_LocalEulerAnglesHint.z
      value: 0
      objectReference: {fileID: 0}
    - target: {fileID: 2705588832194014786, guid: 75812b07f653d23419fd13c7e3fcd1fd,
        type: 3}
      propertyPath: m_Size.x
      value: 28.81
      objectReference: {fileID: 0}
    - target: {fileID: 2705588832194014786, guid: 75812b07f653d23419fd13c7e3fcd1fd,
        type: 3}
      propertyPath: m_Size.y
      value: 12.4
      objectReference: {fileID: 0}
    - target: {fileID: 5890938442124102563, guid: 75812b07f653d23419fd13c7e3fcd1fd,
        type: 3}
      propertyPath: startSize.seed
      value: 0.4249168
      objectReference: {fileID: 0}
    - target: {fileID: 5890938442124102563, guid: 75812b07f653d23419fd13c7e3fcd1fd,
        type: 3}
      propertyPath: startSpeed.seed
      value: 0.07467854
      objectReference: {fileID: 0}
    - target: {fileID: 5890938442124102563, guid: 75812b07f653d23419fd13c7e3fcd1fd,
        type: 3}
      propertyPath: customInstanceID
      value: -19296
      objectReference: {fileID: 0}
    - target: {fileID: 5890938442124102563, guid: 75812b07f653d23419fd13c7e3fcd1fd,
        type: 3}
      propertyPath: particleMaterial
      value: 
      objectReference: {fileID: 0}
    - target: {fileID: 5890938442124102563, guid: 75812b07f653d23419fd13c7e3fcd1fd,
        type: 3}
      propertyPath: emissionRate.seed
      value: 0.29789776
      objectReference: {fileID: 0}
    - target: {fileID: 5890938442124102563, guid: 75812b07f653d23419fd13c7e3fcd1fd,
        type: 3}
      propertyPath: startLifetime.seed
      value: 0.2474587
      objectReference: {fileID: 0}
    - target: {fileID: 5890938442124102563, guid: 75812b07f653d23419fd13c7e3fcd1fd,
        type: 3}
      propertyPath: startRotation.seed
      value: 0.03466499
      objectReference: {fileID: 0}
    - target: {fileID: 5890938442124102563, guid: 75812b07f653d23419fd13c7e3fcd1fd,
        type: 3}
      propertyPath: sizeOverLifetime.seed
      value: 0.6681222
      objectReference: {fileID: 0}
    - target: {fileID: 5890938442124102563, guid: 75812b07f653d23419fd13c7e3fcd1fd,
        type: 3}
      propertyPath: colorOverLifetime.seed
      value: 0.5562317
      objectReference: {fileID: 0}
    - target: {fileID: 5890938442124102563, guid: 75812b07f653d23419fd13c7e3fcd1fd,
        type: 3}
      propertyPath: meshEmitterNormalTexture
      value: 
      objectReference: {fileID: 0}
    - target: {fileID: 5890938442124102563, guid: 75812b07f653d23419fd13c7e3fcd1fd,
        type: 3}
      propertyPath: particleData.metaBuffer_1
      value: 
      objectReference: {fileID: 0}
    - target: {fileID: 5890938442124102563, guid: 75812b07f653d23419fd13c7e3fcd1fd,
        type: 3}
      propertyPath: particleData.metaBuffer_2
      value: 
      objectReference: {fileID: 0}
    - target: {fileID: 5890938442124102563, guid: 75812b07f653d23419fd13c7e3fcd1fd,
        type: 3}
      propertyPath: particleData.randomBuffer
      value: 
      objectReference: {fileID: 0}
    - target: {fileID: 5890938442124102563, guid: 75812b07f653d23419fd13c7e3fcd1fd,
        type: 3}
      propertyPath: rotationOverLifetime.seed
      value: 0.75424933
      objectReference: {fileID: 0}
    - target: {fileID: 5890938442124102563, guid: 75812b07f653d23419fd13c7e3fcd1fd,
        type: 3}
      propertyPath: meshEmitterPositionTexture
      value: 
      objectReference: {fileID: 0}
    - target: {fileID: 5890938442124102563, guid: 75812b07f653d23419fd13c7e3fcd1fd,
        type: 3}
      propertyPath: particleData.positionBuffer_1
      value: 
      objectReference: {fileID: 0}
    - target: {fileID: 5890938442124102563, guid: 75812b07f653d23419fd13c7e3fcd1fd,
        type: 3}
      propertyPath: particleData.positionBuffer_2
      value: 
      objectReference: {fileID: 0}
    - target: {fileID: 5890938442124102563, guid: 75812b07f653d23419fd13c7e3fcd1fd,
        type: 3}
      propertyPath: particleData.velocityBuffer_1
      value: 
      objectReference: {fileID: 0}
    - target: {fileID: 5890938442124102563, guid: 75812b07f653d23419fd13c7e3fcd1fd,
        type: 3}
      propertyPath: particleData.velocityBuffer_2
      value: 
      objectReference: {fileID: 0}
    - target: {fileID: 5890938442124102563, guid: 75812b07f653d23419fd13c7e3fcd1fd,
        type: 3}
      propertyPath: particleData.newParticleBuffer
      value: 
      objectReference: {fileID: 0}
    m_RemovedComponents: []
  m_SourcePrefab: {fileID: 100100000, guid: 75812b07f653d23419fd13c7e3fcd1fd, type: 3}
--- !u!4 &3197860819719980438 stripped
Transform:
  m_CorrespondingSourceObject: {fileID: 501727697169785070, guid: 75812b07f653d23419fd13c7e3fcd1fd,
    type: 3}
  m_PrefabInstance: {fileID: 3069040239340889464}
  m_PrefabAsset: {fileID: 0}
--- !u!114 &6929386657486768649 stripped
MonoBehaviour:
  m_CorrespondingSourceObject: {fileID: 5385543904762244977, guid: 75812b07f653d23419fd13c7e3fcd1fd,
    type: 3}
  m_PrefabInstance: {fileID: 3069040239340889464}
  m_PrefabAsset: {fileID: 0}
  m_GameObject: {fileID: 7273317227903149149}
  m_Enabled: 1
  m_EditorHideFlags: 0
  m_Script: {fileID: 11500000, guid: 962fee3d4cf4bdb4ba35f0eb6307400f, type: 3}
  m_Name: 
  m_EditorClassIdentifier: 
--- !u!1 &7273317227903149149 stripped
GameObject:
  m_CorrespondingSourceObject: {fileID: 5649599353970376997, guid: 75812b07f653d23419fd13c7e3fcd1fd,
    type: 3}
  m_PrefabInstance: {fileID: 3069040239340889464}
  m_PrefabAsset: {fileID: 0}
--- !u!114 &7546830234958739380 stripped
MonoBehaviour:
  m_CorrespondingSourceObject: {fileID: 4768416777261519564, guid: 75812b07f653d23419fd13c7e3fcd1fd,
    type: 3}
  m_PrefabInstance: {fileID: 3069040239340889464}
  m_PrefabAsset: {fileID: 0}
  m_GameObject: {fileID: 0}
  m_Enabled: 1
  m_EditorHideFlags: 0
  m_Script: {fileID: 11500000, guid: 962fee3d4cf4bdb4ba35f0eb6307400f, type: 3}
  m_Name: 
  m_EditorClassIdentifier: 
